<?xml version="1.0" encoding="UTF-8"?>
<!DOCTYPE html PUBLIC "-//W3C//DTD XHTML 1.0 Transitional//EN"
    "http://www.w3.org/TR/xhtml1/DTD/xhtml1-transitional.dtd">
<html xmlns="http://www.w3.org/1999/xhtml" xml:lang="en" lang="en">
 <head>
  <title>
</title>
<meta http-equiv="Content-Type" content="text/html;charset=utf-8" />
  <meta name='ocr-system' content='tesseract 3.04.00' />
  <meta name='ocr-capabilities' content='ocr_page ocr_carea ocr_par ocr_line ocrx_word'/>
</head>
<body>
  <div class='ocr_page' id='page_1' title='image "./piivipontmaxact02piusgoog_0103.png"; bbox 0 0 2606 4268; ppageno 0'>
   <div class='ocr_carea' id='block_1_1' title="bbox 35 313 1012 1143">
    <p class='ocr_par' dir='ltr' id='par_1_1' title="bbox 35 313 1012 971">
     <span class='ocr_line' id='line_1_1' title="bbox 35 313 1011 402; baseline 0.007 -22"><span class='ocrx_word' id='word_1_1' title='bbox 35 321 136 382; x_wconf 86' lang='lat' dir='ltr'><strong>motis</strong></span> <span class='ocrx_word' id='word_1_2' title='bbox 156 313 381 384; x_wconf 83' lang='lat' dir='ltr'><strong>contendatur.</strong></span> <span class='ocrx_word' id='word_1_3' title='bbox 403 324 537 384; x_wconf 80' lang='lat' dir='ltr'><strong>Interim</strong></span> <span class='ocrx_word' id='word_1_4' title='bbox 567 326 639 386; x_wconf 91' lang='lat' dir='ltr'><strong>dum</strong></span> <span class='ocrx_word' id='word_1_5' title='bbox 668 339 839 399; x_wconf 89' lang='lat' dir='ltr'><strong>summam,</strong></span> <span class='ocrx_word' id='word_1_6' title='bbox 868 324 1011 402; x_wconf 82' lang='lat' dir='ltr'><strong>siugula-</strong></span> 
     </span>
     <span class='ocr_line' id='line_1_2' title="bbox 36 417 1011 496; baseline 0.006 -22"><span class='ocrx_word' id='word_1_7' title='bbox 36 433 169 492; x_wconf 82' lang='lat' dir='ltr'>remque</span> <span class='ocrx_word' id='word_1_8' title='bbox 198 417 271 476; x_wconf 88' lang='lat' dir='ltr'><strong>Tibi</strong></span> <span class='ocrx_word' id='word_1_9' title='bbox 303 417 452 478; x_wconf 87' lang='lat' dir='ltr'><strong>habemus</strong></span> <span class='ocrx_word' id='word_1_10' title='bbox 480 436 538 495; x_wconf 91' lang='lat' dir='ltr'><strong>pro</strong></span> <span class='ocrx_word' id='word_1_11' title='bbox 559 421 615 479; x_wconf 91' lang='lat' dir='ltr'><strong>hoc</strong></span> <span class='ocrx_word' id='word_1_12' title='bbox 637 421 704 480; x_wconf 90' lang='lat' dir='ltr'><strong>Tuo</strong></span> <span class='ocrx_word' id='word_1_13' title='bbox 725 419 860 479; x_wconf 79' lang='lat' dir='ltr'><strong>eximiae</strong></span> <span class='ocrx_word' id='word_1_14' title='bbox 881 419 1011 496; x_wconf 89' lang='lat' dir='ltr'><strong>pietatis</strong></span> 
     </span>
     <span class='ocr_line' id='line_1_3' title="bbox 35 509 1012 590; baseline 0.007 -23"><span class='ocrx_word' id='word_1_15' title='bbox 35 509 144 569; x_wconf 87' lang='lat' dir='ltr'><strong>studio</strong></span> <span class='ocrx_word' id='word_1_16' title='bbox 166 511 317 587; x_wconf 79' lang='lat' dir='ltr'><strong>gratiam,</strong></span> <span class='ocrx_word' id='word_1_17' title='bbox 339 513 396 572; x_wconf 89' lang='lat' dir='ltr'><strong>hoe</strong></span> <span class='ocrx_word' id='word_1_18' title='bbox 417 513 519 590; x_wconf 89' lang='lat' dir='ltr'><strong>ipsum</strong></span> <span class='ocrx_word' id='word_1_19' title='bbox 542 513 675 574; x_wconf 91' lang='lat' dir='ltr'><strong>officium</strong></span> <span class='ocrx_word' id='word_1_20' title='bbox 695 517 848 577; x_wconf 90' lang='lat' dir='ltr'><strong>Nostrum</strong></span> <span class='ocrx_word' id='word_1_21' title='bbox 869 514 1012 574; x_wconf 90' lang='lat' dir='ltr'><strong>cumula·</strong></span> 
     </span>
     <span class='ocr_line' id='line_1_4' title="bbox 35 607 1012 686; baseline 0.002 -22"><span class='ocrx_word' id='word_1_22' title='bbox 35 623 107 666; x_wconf 89' lang='lat' dir='ltr'><strong>mus</strong></span> <span class='ocrx_word' id='word_1_23' title='bbox 128 607 315 682; x_wconf 84' lang='lat' dir='ltr'><strong>Apostolica</strong></span> <span class='ocrx_word' id='word_1_24' title='bbox 333 609 569 683; x_wconf 88' lang='lat' dir='ltr'><strong>Benedictioue,</strong></span> <span class='ocrx_word' id='word_1_25' title='bbox 592 628 683 686; x_wconf 91' lang='lat' dir='ltr'><strong>quam</strong></span> <span class='ocrx_word' id='word_1_26' title='bbox 713 608 838 668; x_wconf 90' lang='lat' dir='ltr'><strong>divinae</strong></span> <span class='ocrx_word' id='word_1_27' title='bbox 866 607 1012 686; x_wconf 84' lang='lat' dir='ltr'><strong>benigni-</strong></span> 
     </span>
     <span class='ocr_line' id='line_1_5' title="bbox 35 699 1012 778; baseline 0 -18"><span class='ocrx_word' id='word_1_28' title='bbox 35 699 116 760; x_wconf 77' lang='lat' dir='ltr'><strong>tatis</strong></span> <span class='ocrx_word' id='word_1_29' title='bbox 137 699 308 778; x_wconf 83' lang='lat' dir='ltr'><strong>auspicem,</strong></span> <span class='ocrx_word' id='word_1_30' title='bbox 331 702 415 776; x_wconf 84' lang='lat' dir='ltr'><strong>Tibi,</strong></span> <span class='ocrx_word' id='word_1_31' title='bbox 438 703 642 764; x_wconf 80' lang='lat' dir='ltr'><strong>dilectissime</strong></span> <span class='ocrx_word' id='word_1_32' title='bbox 664 703 696 762; x_wconf 92' lang='lat' dir='ltr'><strong>in</strong></span> <span class='ocrx_word' id='word_1_33' title='bbox 718 703 844 764; x_wconf 87' lang='lat' dir='ltr'><strong>Christo</strong></span> <span class='ocrx_word' id='word_1_34' title='bbox 861 703 927 762; x_wconf 83' lang='lat' dir='ltr'><strong>Fili</strong></span> <span class='ocrx_word' id='word_1_35' title='bbox 947 703 1012 764; x_wconf 86' lang='lat' dir='ltr'><strong>No·</strong></span> 
     </span>
     <span class='ocr_line' id='line_1_6' title="bbox 36 795 1010 875; baseline 0.003 -23"><span class='ocrx_word' id='word_1_36' title='bbox 36 797 117 867; x_wconf 88' lang='lat' dir='ltr'><strong>ster,</strong></span> <span class='ocrx_word' id='word_1_37' title='bbox 127 795 160 854; x_wconf 94' lang='lat' dir='ltr'><strong>in</strong></span> <span class='ocrx_word' id='word_1_38' title='bbox 173 798 324 872; x_wconf 85' lang='lat' dir='ltr'><strong>pateruae</strong></span> <span class='ocrx_word' id='word_1_39' title='bbox 339 797 434 858; x_wconf 87' lang='lat' dir='ltr'><strong>etiam</strong></span> <span class='ocrx_word' id='word_1_40' title='bbox 449 798 700 870; x_wconf 86' lang='lat' dir='ltr'><strong>benevolentiae,</strong></span> <span class='ocrx_word' id='word_1_41' title='bbox 714 801 901 875; x_wconf 82' lang='lat' dir='ltr'><strong>mutuaeque</strong></span> <span class='ocrx_word' id='word_1_42' title='bbox 923 797 1010 856; x_wconf 89' lang='lat' dir='ltr'><strong>inter</strong></span> 
     </span>
     <span class='ocr_line' id='line_1_7' title="bbox 36 893 957 971; baseline -0.001 -18"><span class='ocrx_word' id='word_1_43' title='bbox 36 893 100 953; x_wconf 88' lang='lat' dir='ltr'><strong>Nos</strong></span> <span class='ocrx_word' id='word_1_44' title='bbox 122 893 491 971; x_wconf 84' lang='lat' dir='ltr'><strong>coniunctionispignus</strong></span> <span class='ocrx_word' id='word_1_45' title='bbox 512 895 725 956; x_wconf 83' lang='lat' dir='ltr'><strong>amantissime</strong></span> <span class='ocrx_word' id='word_1_46' title='bbox 746 895 957 971; x_wconf 77' lang='lat' dir='ltr'><strong>impertimur.</strong></span> 
     </span>
    </p>

    <p class='ocr_par' dir='ltr' id='par_1_2' title="bbox 36 988 1011 1143">
     <span class='ocr_line' id='line_1_8' title="bbox 95 988 1011 1065; baseline -0.001 -19"><span class='ocrx_word' id='word_1_47' title='bbox 95 989 214 1046; x_wconf 86' lang='lat' dir='ltr'><strong>Datum</strong></span> <span class='ocrx_word' id='word_1_48' title='bbox 226 989 344 1047; x_wconf 86' lang='lat' dir='ltr'><strong>Romae</strong></span> <span class='ocrx_word' id='word_1_49' title='bbox 354 991 415 1046; x_wconf 89' lang='lat' dir='ltr'><strong>etc.</strong></span> <span class='ocrx_word' id='word_1_50' title='bbox 426 988 475 1046; x_wconf 94' lang='lat' dir='ltr'><strong>die</strong></span> <span class='ocrx_word' id='word_1_51' title='bbox 489 989 549 1048; x_wconf 90' lang='lat' dir='ltr'><strong>XII</strong></span> <span class='ocrx_word' id='word_1_52' title='bbox 562 988 685 1065; x_wconf 84' lang='lat' dir='ltr'><strong>Aprilis</strong></span> <span class='ocrx_word' id='word_1_53' title='bbox 699 989 920 1061; x_wconf 81' lang='lat' dir='ltr'><strong>Moooxulv,</strong></span> <span class='ocrx_word' id='word_1_54' title='bbox 930 989 1011 1047; x_wconf 88' lang='lat' dir='ltr'><strong>Pon·</strong></span> 
     </span>
     <span class='ocr_line' id='line_1_9' title="bbox 36 1079 499 1143; baseline -0.002 -5"><span class='ocrx_word' id='word_1_55' title='bbox 36 1079 179 1140; x_wconf 84' lang='lat' dir='ltr'><strong>tillcstus</strong></span> <span class='ocrx_word' id='word_1_56' title='bbox 192 1081 304 1143; x_wconf 86' lang='lat' dir='ltr'><strong>Nostri</strong></span> <span class='ocrx_word' id='word_1_57' title='bbox 325 1100 406 1142; x_wconf 88' lang='lat' dir='ltr'><strong>auno</strong></span> <span class='ocrx_word' id='word_1_58' title='bbox 427 1083 499 1141; x_wconf 89' lang='lat' dir='ltr'><strong>XX.</strong></span> 
     </span>
    </p>
   </div>
   <div class='ocr_carea' id='block_1_2' title="bbox 357 1247 695 1418">
    <p class='ocr_par' dir='ltr' id='par_1_3' title="bbox 357 1247 695 1418">
     <span class='ocr_line' id='line_1_10' title="bbox 470 1247 589 1304; baseline 0.017 -2"><span class='ocrx_word' id='word_1_59' title='bbox 470 1247 589 1304; x_wconf 74' lang='lat' dir='ltr'><strong>xxv.</strong></span> 
     </span>
     <span class='ocr_line' id='line_1_11' title="bbox 357 1367 695 1418; baseline 0 -8"><span class='ocrx_word' id='word_1_60' title='bbox 357 1367 553 1418; x_wconf 80' lang='lat' dir='ltr'><strong>vunuunsmr</strong></span> <span class='ocrx_word' id='word_1_61' title='bbox 574 1367 695 1412; x_wconf 72' lang='lat' dir='ltr'><strong>renum</strong></span> 
     </span>
    </p>
   </div>
   <div class='ocr_carea' id='block_1_3' title="bbox 219 1511 825 1914">
    <p class='ocr_par' dir='ltr' id='par_1_4' title="bbox 219 1511 825 1914">
     <span class='ocr_line' id='line_1_12' title="bbox 394 1511 663 1574; baseline 0 -4"><span class='ocrx_word' id='word_1_62' title='bbox 394 1511 663 1574; x_wconf 80' lang='lat' dir='ltr'><strong>AUGUSTO</strong></span> 
     </span>
     <span class='ocr_line' id='line_1_13' title="bbox 361 1671 730 1762; baseline 0 -32"><span class='ocrx_word' id='word_1_63' title='bbox 361 1671 520 1748; x_wconf 73' lang='lat' dir='ltr'><strong>Episcopo</strong></span> <span class='ocrx_word' id='word_1_64' title='bbox 540 1671 689 1748; x_wconf 77' lang='lat' dir='ltr'><strong>Spirensi</strong></span> <span class='ocrx_word' id='word_1_65' title='bbox 727 1755 730 1762; x_wconf 29' lang='grc' dir='ltr'>Ι</span> 
     </span>
     <span class='ocr_line' id='line_1_14' title="bbox 219 1833 825 1914; baseline 0 -4"><span class='ocrx_word' id='word_1_66' title='bbox 219 1833 420 1914; x_wconf 87' lang='lat' dir='ltr'><strong>PIUS</strong></span> <span class='ocrx_word' id='word_1_67' title='bbox 485 1833 711 1910; x_wconf 84' lang='grc' dir='ltr'><strong>ΡΑΡΑ·</strong></span> <span class='ocrx_word' id='word_1_68' title='bbox 758 1833 825 1912; x_wconf 91' lang='lat' dir='ltr'><strong>Vl.</strong></span> 
     </span>
    </p>
   </div>
   <div class='ocr_carea' id='block_1_4' title="bbox 159 2025 879 2177">
    <p class='ocr_par' dir='ltr' id='par_1_5' title="bbox 159 2025 879 2177">
     <span class='ocr_line' id='line_1_15' title="bbox 159 2025 879 2097; baseline 0.001 -14"><span class='ocrx_word' id='word_1_69' title='bbox 159 2025 248 2084; x_wconf 83' lang='lat' dir='ltr'><strong>ven.</strong></span> <span class='ocrx_word' id='word_1_70' title='bbox 261 2025 404 2097; x_wconf 77' lang='lat' dir='ltr'><strong>Frater,</strong></span> <span class='ocrx_word' id='word_1_71' title='bbox 419 2027 571 2084; x_wconf 85' lang='lat' dir='ltr'><strong>salutem</strong></span> <span class='ocrx_word' id='word_1_72' title='bbox 594 2029 629 2084; x_wconf 90' lang='lat' dir='ltr'><strong>et</strong></span> <span class='ocrx_word' id='word_1_73' title='bbox 641 2025 879 2096; x_wconf 80' lang='lat' dir='ltr'><strong>Apostolieam</strong></span> 
     </span>
     <span class='ocr_line' id='line_1_16' title="bbox 369 2119 666 2177; baseline 0 -1"><span class='ocrx_word' id='word_1_74' title='bbox 369 2119 666 2177; x_wconf 85' lang='lat' dir='ltr'><strong>Benedictionem.</strong></span> 
     </span>
    </p>
   </div>
   <div class='ocr_carea' id='block_1_5' title="bbox 28 2293 1047 3584">
    <p class='ocr_par' dir='ltr' id='par_1_6' title="bbox 28 2293 1047 3287">
     <span class='ocr_line' id='line_1_17' title="bbox 95 2293 1007 2367; baseline -0.001 -12"><span class='ocrx_word' id='word_1_75' title='bbox 95 2297 146 2355; x_wconf 84' lang='lat' dir='ltr'><strong>Ex</strong></span> <span class='ocrx_word' id='word_1_76' title='bbox 167 2293 290 2354; x_wconf 88' lang='lat' dir='ltr'><strong>litteris</strong></span> <span class='ocrx_word' id='word_1_77' title='bbox 306 2294 395 2367; x_wconf 91' lang='lat' dir='ltr'><strong>Tuis,</strong></span> <span class='ocrx_word' id='word_1_78' title='bbox 412 2297 490 2355; x_wconf 85' lang='lat' dir='ltr'><strong>Ven.</strong></span> <span class='ocrx_word' id='word_1_79' title='bbox 507 2296 623 2354; x_wconf 80' lang='lat' dir='ltr'><strong>Frater</strong></span> <span class='ocrx_word' id='word_1_80' title='bbox 637 2295 687 2356; x_wconf 89' lang='lat' dir='ltr'><strong>die</strong></span> <span class='ocrx_word' id='word_1_81' title='bbox 702 2294 803 2354; x_wconf 83' lang='lat' dir='ltr'><strong>tertia</strong></span> <span class='ocrx_word' id='word_1_82' title='bbox 814 2293 907 2354; x_wconf 87' lang='lat' dir='ltr'><strong>huius</strong></span> <span class='ocrx_word' id='word_1_83' title='bbox 921 2312 1007 2354; x_wconf 92' lang='lat' dir='ltr'><strong>meu-</strong></span> 
     </span>
     <span class='ocr_line' id='line_1_18' title="bbox 31 2381 1003 2464; baseline -0.003 -16"><span class='ocrx_word' id='word_1_84' title='bbox 31 2389 78 2448; x_wconf 88' lang='lat' dir='ltr'><strong>sis</strong></span> <span class='ocrx_word' id='word_1_85' title='bbox 103 2387 200 2460; x_wconf 88' lang='lat' dir='ltr'><strong>datis,</strong></span> <span class='ocrx_word' id='word_1_86' title='bbox 223 2392 318 2464; x_wconf 87' lang='lat' dir='ltr'><strong>atque</strong></span> <span class='ocrx_word' id='word_1_87' title='bbox 340 2407 378 2448; x_wconf 81' lang='lat' dir='ltr'><strong>en</strong></span> <span class='ocrx_word' id='word_1_88' title='bbox 401 2388 522 2448; x_wconf 89' lang='lat' dir='ltr'><strong>incluso</strong></span> <span class='ocrx_word' id='word_1_89' title='bbox 544 2387 719 2448; x_wconf 88' lang='lat' dir='ltr'><strong>Protocolli</strong></span> <span class='ocrx_word' id='word_1_90' title='bbox 741 2386 830 2446; x_wconf 85' lang='lat' dir='ltr'><strong>Folio</strong></span> <span class='ocrx_word' id='word_1_91' title='bbox 845 2381 1003 2448; x_wconf 86' lang='lat' dir='ltr'><strong>intellexi·</strong></span> 
     </span>
     <span class='ocr_line' id='line_1_19' title="bbox 28 2479 1006 2563; baseline -0.002 -22"><span class='ocrx_word' id='word_1_92' title='bbox 28 2501 117 2552; x_wconf 92' lang='lat' dir='ltr'><strong>mus,</strong></span> <span class='ocrx_word' id='word_1_93' title='bbox 140 2481 244 2557; x_wconf 84' lang='lat' dir='ltr'><strong>qualis</strong></span> <span class='ocrx_word' id='word_1_94' title='bbox 265 2499 333 2540; x_wconf 89' lang='lat' dir='ltr'><strong>esse</strong></span> <span class='ocrx_word' id='word_1_95' title='bbox 356 2486 470 2558; x_wconf 82' lang='lat' dir='ltr'><strong>perget</strong></span> <span class='ocrx_word' id='word_1_96' title='bbox 491 2483 576 2540; x_wconf 84' lang='lat' dir='ltr'><strong>Tuae</strong></span> <span class='ocrx_word' id='word_1_97' title='bbox 601 2479 758 2557; x_wconf 80' lang='lat' dir='ltr'><strong>Spirensis</strong></span> <span class='ocrx_word' id='word_1_98' title='bbox 773 2479 921 2563; x_wconf 88' lang='lat' dir='ltr'><strong>dioecesis</strong></span> <span class='ocrx_word' id='word_1_99' title='bbox 942 2483 1006 2539; x_wconf 87' lang='lat' dir='ltr'><strong>sta-</strong></span> 
     </span>
     <span class='ocr_line' id='line_1_20' title="bbox 31 2571 1004 2650; baseline -0.004 -16"><span class='ocrx_word' id='word_1_100' title='bbox 31 2579 88 2634; x_wconf 92' lang='lat' dir='ltr'><strong>tus</strong></span> <span class='ocrx_word' id='word_1_101' title='bbox 112 2573 285 2650; x_wconf 80' lang='lat' dir='ltr'><strong>(quantum</strong></span> <span class='ocrx_word' id='word_1_102' title='bbox 309 2573 431 2632; x_wconf 89' lang='lat' dir='ltr'><strong>scilicet</strong></span> <span class='ocrx_word' id='word_1_103' title='bbox 453 2592 471 2632; x_wconf 88' lang='lat' dir='ltr'><strong>a</strong></span> <span class='ocrx_word' id='word_1_104' title='bbox 493 2573 654 2650; x_wconf 82' lang='lat' dir='ltr'><strong>Religioso</strong></span> <span class='ocrx_word' id='word_1_105' title='bbox 668 2572 757 2644; x_wconf 92' lang='lat' dir='ltr'><strong>Viro,</strong></span> <span class='ocrx_word' id='word_1_106' title='bbox 774 2571 894 2649; x_wconf 86' lang='lat' dir='ltr'><strong>fideque</strong></span> <span class='ocrx_word' id='word_1_107' title='bbox 910 2573 1004 2650; x_wconf 87' lang='lat' dir='ltr'><strong>digno</strong></span> 
     </span>
     <span class='ocr_line' id='line_1_21' title="bbox 30 2664 1008 2744; baseline -0.004 -16"><span class='ocrx_word' id='word_1_108' title='bbox 30 2668 181 2739; x_wconf 86' lang='lat' dir='ltr'><strong>Raeder,</strong></span> <span class='ocrx_word' id='word_1_109' title='bbox 210 2667 263 2743; x_wconf 91' lang='lat' dir='ltr'><strong>qui</strong></span> <span class='ocrx_word' id='word_1_110' title='bbox 284 2666 400 2726; x_wconf 90' lang='lat' dir='ltr'><strong>ibidem</strong></span> <span class='ocrx_word' id='word_1_111' title='bbox 423 2666 530 2744; x_wconf 88' lang='lat' dir='ltr'><strong>aliquo</strong></span> <span class='ocrx_word' id='word_1_112' title='bbox 552 2669 693 2744; x_wconf 88' lang='lat' dir='ltr'><strong>tempore</strong></span> <span class='ocrx_word' id='word_1_113' title='bbox 716 2666 748 2723; x_wconf 95' lang='lat' dir='ltr'><strong>in</strong></span> <span class='ocrx_word' id='word_1_114' title='bbox 771 2684 827 2725; x_wconf 91' lang='lat' dir='ltr'><strong>sua</strong></span> <span class='ocrx_word' id='word_1_115' title='bbox 853 2664 1008 2724; x_wconf 82' lang='lat' dir='ltr'><strong>Perochia</strong></span> 
     </span>
     <span class='ocr_line' id='line_1_22' title="bbox 30 2755 1006 2838; baseline -0.005 -20"><span class='ocrx_word' id='word_1_116' title='bbox 30 2759 197 2834; x_wconf 79' lang='lat' dir='ltr'><strong>substitit,</strong></span> <span class='ocrx_word' id='word_1_117' title='bbox 219 2778 406 2837; x_wconf 80' lang='lat' dir='ltr'><strong>cognoscere</strong></span> <span class='ocrx_word' id='word_1_118' title='bbox 428 2760 595 2838; x_wconf 89' lang='lat' dir='ltr'><strong>potuisti),</strong></span> <span class='ocrx_word' id='word_1_119' title='bbox 618 2778 696 2836; x_wconf 87' lang='lat' dir='ltr'><strong>quac</strong></span> <span class='ocrx_word' id='word_1_120' title='bbox 717 2761 818 2820; x_wconf 85' lang='lat' dir='ltr'><strong>adhuc</strong></span> <span class='ocrx_word' id='word_1_121' title='bbox 840 2759 878 2817; x_wconf 91' lang='lat' dir='ltr'><strong>ab</strong></span> <span class='ocrx_word' id='word_1_122' title='bbox 900 2755 1006 2832; x_wconf 84' lang='lat' dir='ltr'><strong>impiis</strong></span> 
     </span>
     <span class='ocr_line' id='line_1_23' title="bbox 31 2851 1047 2931; baseline -0.007 -18"><span class='ocrx_word' id='word_1_123' title='bbox 31 2854 203 2914; x_wconf 85' lang='lat' dir='ltr'><strong>Gallorum</strong></span> <span class='ocrx_word' id='word_1_124' title='bbox 225 2854 324 2931; x_wconf 90' lang='lat' dir='ltr'><strong>copiis</strong></span> <span class='ocrx_word' id='word_1_125' title='bbox 343 2853 500 2930; x_wconf 88' lang='lat' dir='ltr'><strong>occupari,</strong></span> <span class='ocrx_word' id='word_1_126' title='bbox 517 2871 552 2913; x_wconf 90' lang='lat' dir='ltr'><strong>ac</strong></span> <span class='ocrx_word' id='word_1_127' title='bbox 567 2853 691 2926; x_wconf 87' lang='lat' dir='ltr'><strong>vexari,</strong></span> <span class='ocrx_word' id='word_1_128' title='bbox 708 2851 929 2928; x_wconf 82' lang='lat' dir='ltr'><strong>profanarique</strong></span> <span class='ocrx_word' id='word_1_129' title='bbox 946 2866 1005 2906; x_wconf 91' lang='lat' dir='ltr'><strong>non</strong></span> <span class='ocrx_word' id='word_1_130' title='bbox 1046 2877 1047 2880; x_wconf 35' lang='lat'>¹</span> 
     </span>
     <span class='ocr_line' id='line_1_24' title="bbox 32 2942 1004 3022; baseline -0.004 -16"><span class='ocrx_word' id='word_1_131' title='bbox 32 2947 166 3006; x_wconf 89' lang='lat' dir='ltr'><strong>desinit.</strong></span> <span class='ocrx_word' id='word_1_132' title='bbox 198 2946 242 3006; x_wconf 90' lang='lat' dir='ltr'><strong>Iis</strong></span> <span class='ocrx_word' id='word_1_133' title='bbox 264 2946 414 3022; x_wconf 90' lang='lat' dir='ltr'><strong>perlectis</strong></span> <span class='ocrx_word' id='word_1_134' title='bbox 437 2949 624 3005; x_wconf 85' lang='lat' dir='ltr'><strong>renovatum</strong></span> <span class='ocrx_word' id='word_1_135' title='bbox 648 2945 679 3003; x_wconf 92' lang='lat' dir='ltr'><strong>in</strong></span> <span class='ocrx_word' id='word_1_136' title='bbox 706 2945 804 3006; x_wconf 90' lang='lat' dir='ltr'><strong>Nobis</strong></span> <span class='ocrx_word' id='word_1_137' title='bbox 833 2942 1004 3015; x_wconf 88' lang='lat' dir='ltr'><strong>sensimus,</strong></span> 
     </span>
     <span class='ocr_line' id='line_1_25' title="bbox 33 3037 1006 3117; baseline -0.002 -19"><span class='ocrx_word' id='word_1_138' title='bbox 33 3058 126 3116; x_wconf 89' lang='lat' dir='ltr'><strong>quem</strong></span> <span class='ocrx_word' id='word_1_139' title='bbox 156 3039 294 3117; x_wconf 86' lang='lat' dir='ltr'><strong>primum</strong></span> <span class='ocrx_word' id='word_1_140' title='bbox 324 3039 521 3116; x_wconf 88' lang='lat' dir='ltr'><strong>percepimus</strong></span> <span class='ocrx_word' id='word_1_141' title='bbox 550 3038 721 3098; x_wconf 88' lang='lat' dir='ltr'><strong>maximum</strong></span> <span class='ocrx_word' id='word_1_142' title='bbox 751 3037 913 3112; x_wconf 87' lang='lat' dir='ltr'><strong>dolorem;</strong></span> <span class='ocrx_word' id='word_1_143' title='bbox 936 3054 1006 3096; x_wconf 88' lang='lat' dir='ltr'><strong>cum</strong></span> 
     </span>
     <span class='ocr_line' id='line_1_26' title="bbox 33 3131 1008 3209; baseline -0.002 -17"><span class='ocrx_word' id='word_1_144' title='bbox 33 3133 157 3209; x_wconf 87' lang='lat' dir='ltr'><strong>templa</strong></span> <span class='ocrx_word' id='word_1_145' title='bbox 177 3133 318 3208; x_wconf 88' lang='lat' dir='ltr'><strong>direpta,</strong></span> <span class='ocrx_word' id='word_1_146' title='bbox 340 3149 433 3192; x_wconf 87' lang='lat' dir='ltr'><strong>sacra</strong></span> <span class='ocrx_word' id='word_1_147' title='bbox 454 3131 559 3194; x_wconf 88' lang='lat' dir='ltr'><strong>omnia</strong></span> <span class='ocrx_word' id='word_1_148' title='bbox 580 3131 731 3208; x_wconf 88' lang='lat' dir='ltr'><strong>dispersa,</strong></span> <span class='ocrx_word' id='word_1_149' title='bbox 754 3131 862 3205; x_wconf 87' lang='lat' dir='ltr'><strong>irrisa,</strong></span> <span class='ocrx_word' id='word_1_150' title='bbox 884 3131 1008 3190; x_wconf 90' lang='lat' dir='ltr'><strong>concul-</strong></span> 
     </span>
     <span class='ocr_line' id='line_1_27' title="bbox 35 3227 321 3287; baseline -0.003 0"><span class='ocrx_word' id='word_1_151' title='bbox 35 3233 108 3287; x_wconf 82' lang='lat' dir='ltr'><strong>cata</strong></span> <span class='ocrx_word' id='word_1_152' title='bbox 129 3227 321 3286; x_wconf 86' lang='lat' dir='ltr'><strong>videremus.</strong></span> 
     </span>
    </p>

    <p class='ocr_par' dir='ltr' id='par_1_7' title="bbox 32 3317 1008 3584">
     <span class='ocr_line' id='line_1_28' title="bbox 94 3317 1008 3397; baseline -0.005 -15"><span class='ocrx_word' id='word_1_153' title='bbox 94 3322 164 3382; x_wconf 90' lang='lat' dir='ltr'><strong>Non</strong></span> <span class='ocrx_word' id='word_1_154' title='bbox 188 3319 291 3380; x_wconf 85' lang='lat' dir='ltr'><strong>deluit</strong></span> <span class='ocrx_word' id='word_1_155' title='bbox 312 3322 431 3393; x_wconf 89' lang='lat' dir='ltr'><strong>tamen,</strong></span> <span class='ocrx_word' id='word_1_156' title='bbox 447 3320 528 3397; x_wconf 92' lang='lat' dir='ltr'><strong>quod</strong></span> <span class='ocrx_word' id='word_1_157' title='bbox 550 3319 582 3378; x_wconf 94' lang='lat' dir='ltr'><strong>iu</strong></span> <span class='ocrx_word' id='word_1_158' title='bbox 605 3322 696 3380; x_wconf 86' lang='lat' dir='ltr'><strong>tanto</strong></span> <span class='ocrx_word' id='word_1_159' title='bbox 711 3337 853 3380; x_wconf 88' lang='lat' dir='ltr'><strong>moerore</strong></span> <span class='ocrx_word' id='word_1_160' title='bbox 867 3319 933 3382; x_wconf 92' lang='lat' dir='ltr'><strong>Nos</strong></span> <span class='ocrx_word' id='word_1_161' title='bbox 947 3317 1008 3378; x_wconf 89' lang='lat' dir='ltr'><strong>ali-</strong></span> 
     </span>
     <span class='ocr_line' id='line_1_29' title="bbox 33 3411 1007 3490; baseline -0.002 -18"><span class='ocrx_word' id='word_1_162' title='bbox 33 3432 96 3490; x_wconf 87' lang='lat' dir='ltr'><strong>qua</strong></span> <span class='ocrx_word' id='word_1_163' title='bbox 115 3412 343 3474; x_wconf 88' lang='lat' dir='ltr'><strong>consolationis</strong></span> <span class='ocrx_word' id='word_1_164' title='bbox 366 3431 419 3490; x_wconf 89' lang='lat' dir='ltr'><strong>spe</strong></span> <span class='ocrx_word' id='word_1_165' title='bbox 441 3411 664 3490; x_wconf 86' lang='lat' dir='ltr'><strong>perfunderet,</strong></span> <span class='ocrx_word' id='word_1_166' title='bbox 693 3415 772 3489; x_wconf 89' lang='lat' dir='ltr'><strong>quo&#39;d</strong></span> <span class='ocrx_word' id='word_1_167' title='bbox 802 3430 912 3490; x_wconf 90' lang='lat' dir='ltr'><strong>nempe</strong></span> <span class='ocrx_word' id='word_1_168' title='bbox 933 3415 1007 3472; x_wconf 90' lang='lat' dir='ltr'><strong>ante</strong></span> 
     </span>
     <span class='ocr_line' id='line_1_30' title="bbox 32 3506 1008 3584; baseline -0.002 -18"><span class='ocrx_word' id='word_1_169' title='bbox 32 3510 205 3568; x_wconf 82' lang='lat' dir='ltr'><strong>adveutum</strong></span> <span class='ocrx_word' id='word_1_170' title='bbox 228 3506 328 3567; x_wconf 90' lang='lat' dir='ltr'><strong>etiam</strong></span> <span class='ocrx_word' id='word_1_171' title='bbox 350 3506 449 3584; x_wconf 90' lang='lat' dir='ltr'><strong>ipsius</strong></span> <span class='ocrx_word' id='word_1_172' title='bbox 470 3507 616 3583; x_wconf 84' lang='lat' dir='ltr'><strong>Raedcr,</strong></span> <span class='ocrx_word' id='word_1_173' title='bbox 638 3507 789 3583; x_wconf 81' lang='lat' dir='ltr'><strong>vulgatus</strong></span> <span class='ocrx_word' id='word_1_174' title='bbox 810 3507 877 3568; x_wconf 86' lang='lat' dir='ltr'><strong>lata</strong></span> <span class='ocrx_word' id='word_1_175' title='bbox 898 3521 1008 3566; x_wconf 90' lang='lat' dir='ltr'><strong>rumor</strong></span> 
     </span>
    </p>
   </div>
   <div class='ocr_carea' id='block_1_6' title="bbox 0 0 1322 4268">
    <p class='ocr_par' dir='ltr' id='par_1_8' title="bbox 0 0 1322 4268">
     <span class='ocr_line' id='line_1_31' title="bbox 0 0 1322 4268; baseline 0 0"><span class='ocrx_word' id='word_1_176' title='bbox 0 0 1322 4268; x_wconf 95' lang='lat' dir='ltr'><strong> </strong></span> 
     </span>
    </p>
   </div>
  </div>
 </body>
</html>
