2624 4260
460 296 638 356 -lal-

66 397 303 475 Episcoporum,
321 403 369 459 tot
390 391 692 476 Ecclesiasticonum,
716 406 764 463 tot
785 421 944 464 sacrarum
961 407 1031 466 Vir·

67 493 187 566 girum,
214 498 262 552 tot
283 495 536 567 coenobitarum,
559 499 607 554 tot
629 497 760 573 denique
789 498 1033 558 christianorum

64 590 232 649 illustrata
246 589 301 650 Dei
317 591 450 668 gloriam
473 593 536 652 erit
558 595 742 669 operatural
756 596 949 654 Praesertim
963 615 1032 655 cum

65 684 296 743 exercitatione
318 685 453 744 virtutis
475 685 684 762 refrigescens
704 688 734 745 in
759 690 871 747 mundo
894 689 1033 748 charitas

63 776 314 835 christianornm
341 777 388 836 ita
412 778 455 837 sit
476 797 532 854 per
559 778 798 839 tribulationem
827 781 1030 842 inflammata:

62 870 282 945 philosophiae
297 871 439 947 pravitas
460 889 500 930 ex
521 872 704 949 perniciosis
726 873 790 932 suis
810 875 965 934 fructibus
986 876 1032 935 ita

62 962 105 1020 sit
127 963 292 1022 refutata:
315 964 492 1040 Religionis
521 967 673 1026 sanctitas
694 984 735 1026 ex
756 967 947 1027 admirandis
969 968 1032 1027 suis

62 1056 243 1115 virtutibus
265 1057 313 1115 ita
333 1058 377 1116 sit
398 1058 574 1118 illustrata:
598 1060 797 1134 probatorum
821 1061 897 1119 fides
922 1063 1033 1120 haere-

66 1151 205 1208 ticorum
229 1151 428 1210 contentione
450 1151 497 1210 ita
517 1152 685 1213 manifesta
706 1155 748 1212 sit
768 1154 873 1212 iactat

128 1245 212 1303 Haec
235 1244 337 1320 igitur
358 1245 581 1317 miserationis
605 1265 640 1306 ac
663 1247 746 1323 pacis
767 1251 922 1322 tempora,
937 1265 1034 1306 vene·

60 1396 117 1443 rati
138 1395 251 1443 Arsinna
270 1394 386 1443 Anscrali
398 1394 493 1443 Piceni
502 1399 660 1454 Praefectus,
674 1399 764 1444 ceteris
776 1397 940 1443 Praesulibus
957 1399 1032 1455 atqua

60 1473 198 1529 utriusque
215 1471 368 1528 Signaturae
383 1473 573 1538 Rte'ferendariis
591 1469 807 1518 Iacobo-Oarolo
825 1469 968 1517 Borromeo
980 1468 1032 1517 Pa·

61 1546 156 1594 tavina
174 1549 353 1601 Protonotario
373 1549 539 1606 Apostolico,
564 1551 640 1606 atque
663 1549 813 1594 Provinciae
835 1545 987 1594 Maritimae
1008 1554 1032 1595 et

63 1621 231 1686 Campaniae
247 1623 376 1680 Praeside,
395 1622 471 1670 Iulio
491 1622 605 1670 Caesare
623 1622 768 1685 Gymnasio
780 1621 902 1670 Romano
914 1621 1031 1670 Sabinae

62 1697 194 1756 Praeside,
208 1696 259 1744 Pio
273 1697 383 1746 Pucceti
395 1696 553 1758 Oinpalano
565 1701 743 1747 Protonotario
755 1700 911 1758 Apostolioo,
926 1696 1034 1760 Spoleti

61 1775 206 1831 Praefecto,
226 1772 455 1833 lineola-filomio
473 1773 558 1822 Nusei
575 1775 698 1823 Romano
717 1773 809 1822 Bootis
827 1777 967 1831 Praefecto,
985 1788 1031 1821 neo

60 1863 113 1896 non
128 1847 238 1896 Ioanne
254 1847 370 1896 Barbari
386 1853 552 1898 Procuratore
568 1853 665 1898 Fiscali
682 1853 808 1908 Gamerae,
827 1853 853 1897 et
870 1849 960 1897 Paulo
975 1847 1030 1894 Vir·

61 1923 157 1984 panio,
168 1924 199 1970 de
215 1938 265 1982 quo
282 1939 368 1984 supra,
380 1926 447 1972 idem
456 1929 535 1973 maris
546 1931 595 1974 iter
605 1926 764 1974 Hetrariam
774 1940 864 1974 versus
874 1926 1030 1972 tenentibus.

60 2000 110 2046 Sed
126 2013 180 2046 non
195 2001 216 2046 ii
232 2002 332 2048 tantum
348 2005 445 2060 septem
461 2003 610 2049 Cardinales
626 2004 707 2060 fuere,
726 2004 770 2060 qui
785 2017 832 2060 pro
844 2004 938 2048 Sancta
948 2002 1032 2048 Eccle-

60 2078 101 2122 sia
120 2077 167 2122 Dei
188 2075 317 2121 aerumnis
336 2078 362 2122 at
381 2078 508 2134 angustiis
530 2078 659 2134 claruere,
681 2079 773 2136 quique
793 2089 839 2134 pro
859 2077 914 2122 eius
933 2078 1029 2122 honore

61 2151 198 2209 permultis
214 2152 395 2198 vexationibus
412 2165 467 2198 sese
484 2153 619 2210 subiecere,
638 2155 664 2200 et
679 2167 732 2199 non
747 2154 829 2199 invito
847 2153 931 2198 animo
952 2152 1032 2198 eccle·

61 2228 175 2272 siasticis
186 2227 240 2272 suis
250 2227 375 2272 reditibus
387 2229 492 2285 spoliari
501 2229 572 2286 passi
583 2231 652 2285 sunt,
666 2242 724 2276 cum
733 2231 758 2275 et
769 2229 814 2274 alii
825 2227 977 2282 exstiterint,
986 2227 1030 2284 qui

60 2302 149 2348 eodem
165 2302 259 2360 spiritu
276 2302 384 2348 animati
401 2315 520 2359 generose
537 2304 688 2360 fortiterque
701 2305 786 2349 omnia
795 2303 948 2359 tolerarunt,
967 2315 1030 2359 quos

59 2381 280 2426 internumerare
303 2378 388 2438 placet
405 2377 539 2425 Ioannem
555 2377 730 2426 Franciscam
755 2379 908 2438 Episcopum
930 2377 1029 2426 Ostiam

59 2467 112 2500 sem
129 2459 155 2499 et
175 2450 340 2500 Veliternum
357 2455 383 2500 S.
403 2457 433 2500 R.
450 2457 480 2500 E.
494 2455 654 2501 Oardinalem
672 2453 775 2502 Albani
788 2456 947 2512 Urbinatem,
959 2457 1032 2503 Sacri

61 2532 173 2576 Senatus
189 2531 326 2587 Decannm,
341 2527 527 2576 Alexandrum
544 2532 569 2576 S.
582 2532 677 2578 Mariae
693 2532 721 2577 in
737 2533 791 2578 Ars
810 2532 881 2578 Caeli
903 2545 928 2588 p.
942 2545 965 2579 cs
976 2529 1032 2576 Ma·

61 2604 181 2652 thasiam
194 2603 363 2664 Romanam,
380 2607 407 2650 et
422 2605 647 2663 Archiepisoopum
664 2604 880 2666 Ferrariensem,
898 2607 942 2663 qui
960 2606 1031 2664 prius

61 2678 174 2726 Brixiae
195 2693 295 2727 carcere
319 2681 453 2727 claustrali
474 2680 569 2727 dudum
590 2681 725 2738 detentus,
749 2681 781 2727 ed
802 2695 875 2729 suem
891 2680 1031 2725 Ecclesiam

59 2759 192 2813 remissus,
211 2769 288 2814 quum
304 2771 351 2803 nec
368 2759 523 2817 opinaretur,
536 2759 567 2805 ab
580 2759 637 2816 ipsa
652 2761 739 2805 iussus
755 2758 806 2803 fuit
821 2757 932 2811 exulare,
946 2753 967 2800 I
963 2768 1031 2813 qna·

61 2833 129 2881 tiam
142 2835 167 2880 S.
179 2835 275 2880 Mariae
284 2836 441 2892 Angelorum
457 2851 481 2893 p.
494 2851 516 2882 e.
530 2835 620 2882 Basca
631 2832 858 2882 Mediolanensem
870 2833 1031 2878 Praefectum

61 2909 272 2967 congregationis
288 2910 444 2968 Disciplinae
460 2910 602 2968 Regularis,
621 2912 646 2956 et
662 2907 795 2956 Ioannem
813 2904 954 2968 Siffriolam
965 2905 1031 2953 San.

61 2981 193 3030 alissimus
209 2981 352 3030 Trinitatis
370 2982 405 3031 ad
422 2981 540 3032 Mentem
560 2982 685 3032 Pineium
706 2998 731 3043 p.
750 2997 771 3030 c.
791 2981 889 3044 Maura
911 2979 1030 3030 Venoisi-

58 3072 135 3118 num,
152 3061 380 3118 Archiepiseopum
396 3063 422 3107 et
437 3063 591 3120 Episcopum
608 3059 709 3108 Montis
722 3057 864 3107 Phissenia
881 3060 925 3118 qni
941 3060 1030 3106 multis

61 3136 189 3194 angustiis
206 3137 311 3182 coactus
328 3149 344 3181 a
359 3150 407 3183 sua
422 3137 538 3183 Ecclesia
555 3136 681 3196 recedere,
693 3137 762 3182 vitae
778 3134 882 3181 tandem
898 3147 959 3180 suae
973 3135 1029 3180 tuto

60 3211 198 3257 consuluit.
216 3212 350 3270 Ipsissima
366 3225 464 3271 quoque
481 3213 622 3259 evenerunt
636 3211 750 3258 Praesnli
767 3207 883 3258 Herculi
902 3206 1031 3257 Oensolei

59 3289 183 3342 Romano,
194 3289 220 3332 et
232 3288 326 3334 Sacrae
336 3289 416 3334 Rotae
426 3288 553 3334 Auditori.
565 3288 638 3334 Alios
654 3289 731 3334 etiam
748 3288 773 3333 S.
785 3291 815 3333 R.
827 3291 857 3334 E.
870 3286 1027 3343 cardinales,

60 3363 85 3406 at
102 3363 239 3408 Praesules
254 3375 386 3409 recensere
401 3365 517 3410 nostrum
533 3366 608 3420 esset,
620 3366 664 3422 qui
679 3366 738 3422 post
748 3364 878 3410 Pentilleis
887 3363 1029 3422 Epistulam

59 3437 162 3484 labores
179 3438 329 3497 doloresque
345 3440 448 3486 fortiter
463 3440 603 3486 subierunt.
616 3439 665 3485 Sed
674 3453 727 3486 non
741 3441 839 3498 patitur
856 3438 1029 3486 adnotationis

59 3513 184 3574 brevitas,
201 3528 248 3561 nea
266 3515 298 3561 ad
314 3517 390 3562 fluam
405 3517 479 3562 nobis
494 3516 651 3574 prepositum
666 3515 693 3561 id
709 3516 815 3574 spectat.
836 3511 931 3576 (Nata
948 3510 1028 3563 Edit.

61 3585 96 3636 D.
114 3586 226 3638 Haloti
243 3603 288 3637 aa.
308 3589 370 3636 1799
380 3603 448 3653 pay.
464 3587 541 3652 308).
