2606 4268
97 307 233 385 plicibus
261 309 464 386 Presbyteris
485 307 617 382 iuratis,
633 311 729 387 atque
750 309 789 370 ab
810 308 985 370 assistendo
1006 327 1063 368 ve·

95 401 209 478 speris,
233 420 268 462 ac
289 401 361 461 aliis
382 401 689 480 publicisprecibus,
705 419 783 480 quae
805 402 984 462 recitantur
1004 402 1062 460 snb

95 496 280 556 assistentia
292 498 439 572 Parochi,
452 502 508 558 ant
520 498 671 576 simplicis
683 495 869 576 Presbyteri
881 497 1062 556 iuramento

94 589 196 648 civico
218 589 375 651 obstricti.

158 685 289 749 Quaeri.
300 684 329 745 4.
343 672 425 746 Num
436 683 676 758 absolutionem,
686 686 719 742 ct
731 683 978 744 communionem
989 701 1064 760 quo·

96 775 146 836 vis
160 777 235 838 anni
258 782 408 855 ternpore,
425 778 613 856 praesertim
637 795 712 837 vero
729 781 869 856 tempore
883 779 1063 839 Paschaliu

95 869 240 929 Parocho
261 871 365 931 iurato
388 875 494 948 petere
518 869 661 930 fidelibus
682 869 790 930 liceat.

96 1005 100 1012 .
157 963 253 1040 Resp.
276 965 389 1024 Eadem
413 981 542 1042 prorsus
564 965 687 1024 ratione
709 966 804 1024 acad
827 967 1060 1042 praecedentes.

158 1059 287 1122 Quaest.
304 1057 333 1118 5.
350 1059 433 1118 Num
454 1059 629 1118 Parochum
648 1059 786 1118 iuratum
802 1059 909 1119 fideles
923 1059 1010 1119 adire
1026 1059 1065 1119 li·

94 1150 160 1210 cite
183 1151 304 1227 possint
324 1169 381 1226 pro
412 1152 624 1210 Sacramentls
645 1151 874 1230 Baptismatis,
897 1155 930 1212 et
950 1151 1066 1214 Matri·

94 1261 208 1303 monn.

157 1339 253 1414 Resp.
276 1339 346 1400 Non
368 1337 484 1410 licere,
506 1343 637 1415 excepto
660 1342 764 1398 tamen
793 1337 861 1417 (ubi
882 1357 933 1398 res
960 1339 1004 1399 sit
1025 1341 1064 1400 de

93 1431 271 1510 Baptismo)
293 1451 366 1492 casu
381 1439 541 1492 extremae
564 1431 773 1505 necessitatis,
789 1432 821 1491 in
844 1451 904 1510 quo
927 1433 1064 1510 nonad-

94 1530 183 1585 esset
202 1526 284 1586 alius
305 1526 414 1586 valens
435 1527 607 1602 baptizare.

160 1620 289 1684 occaect.
305 1622 335 1679 6.
352 1621 434 1680 Num
457 1620 627 1680 Catholicis
649 1619 773 1679 licitum
795 1619 839 1678 sit
860 1619 978 1696 patrini
998 1637 1064 1680 mu·

96 1729 174 1771 nere
189 1712 277 1788 iungi
292 1711 325 1770 in
341 1713 535 1790 Baptismate
549 1713 773 1772 administrato
785 1731 804 1773 a
818 1713 979 1786 Parocho,
996 1712 1064 1772 siro

95 1805 295 1882 Presbytero
316 1804 434 1866 iurato.
880 1851 883 1858 ,

160 1899 253 1975 Resp.
270 1901 339 1962 Non
362 1899 459 1960 licere
480 1900 622 1960 fidelibus
639 1900 756 1978 patrini
777 1918 905 1960 munere
926 1898 1017 1976 iungi
1031 1897 1064 1957 in

97 1995 295 2071 Baptismate
315 1995 536 2055 administrato
558 2014 576 2056 a
597 1996 754 2066 Perocho,
780 1993 847 2054 sire
868 1995 1064 2072 Presbytero

98 2088 270 2158 iuratione
292 2107 361 2148 cum
384 2090 451 2164 ipso
469 2088 500 2147 in
524 2087 640 2147 divinis
662 2088 916 2148 communicent..

161 2183 286 2248 Quaest.
302 2184 339 2242 7.
350 2179 432 2244 Num
448 2182 593 2242 fidelibus
608 2183 704 2243 liceat
717 2183 835 2258 patrini
851 2199 979 2241 munere
993 2181 1065 2240 iun·

100 2276 134 2354 gi
157 2275 187 2334 in
210 2275 405 2352 Baptismate
431 2275 548 2336 collato
569 2295 588 2336 a
609 2277 751 2338 Parooho
774 2277 909 2339 intruso.

159 2370 255 2446 Resp.
276 2371 345 2431 Non
368 2371 445 2430 licet
465 2371 760 2430 fidelibusmunere
782 2370 900 2447 patrini
921 2369 1010 2447 fungi
1031 2369 1066 2429 in

97 2465 337 2541 Baptismatea
365 2465 507 2524 Perocho
528 2464 653 2524 intruso
682 2464 913 2524 administrato.
937 2465 1019 2524 Oum
1035 2480 1068 2521 e-

102 2559 167 2617 nim
182 2558 341 2618 Parochus
363 2557 505 2617 intrusus
520 2557 738 2618 schismaticus
761 2556 902 2634 proiecto
917 2555 971 2627 sit,
987 2556 1068 2615 eius-

98 2669 160 2728 que
181 2650 315 2710 schisma
329 2649 565 2710 evidentissime
587 2655 726 2722 constet,
742 2669 782 2710 ex
804 2668 840 2708 eo
862 2649 916 2722 fit,
933 2648 1066 2708 utactio

100 2745 252 2804 catholici
274 2743 426 2804 insontem
448 2745 487 2803 de
508 2745 603 2804 Sacro
623 2745 723 2804 Fonte
746 2743 883 2804 levantis
903 2743 935 2801 in
960 2741 1069 2818 Bapti-

99 2844 202 2898 smate
223 2856 242 2898 a
262 2838 404 2898 Parocho
420 2835 546 2898 intruso
568 2838 801 2910 administrato,
815 2851 1068 2913 quacumquoex

99 2934 194 3010 parte
215 2934 387 3008 spectetur,
412 2931 544 3004 vitiosa,
568 2932 669 3002 mala,
693 2936 727 2991 et
748 2930 993 3007 prohibiteesse
1015 2923 1068 2986 de·

99 3027 326 3103 prehendatur.
351 3027 430 3086 Nam
459 3025 632 3085 catholicus
659 3025 717 3082 hac
739 3040 795 3082 sua
816 3023 937 3082 actione
959 3037 1069 3098 coope-

97 3125 193 3178 ratur
214 3119 246 3178 in
270 3119 451 3191 schismate,
468 3117 564 3176 immo
586 3116 764 3176 schismatis
787 3115 905 3174 crimen
921 3115 987 3191 ipso
1010 3130 1065 3173 suo

98 3213 184 3272 facto
204 3213 370 3289 approbat,
386 3211 604 3288 intrusumque
626 3230 683 3288 pro
704 3207 847 3286 legitimo
869 3208 1010 3268 Parocho
1032 3223 1068 3265 a·

98 3307 235 3384 gnoscit,
258 3313 291 3366 et
311 3306 399 3378 colit,
423 3308 458 3364 ut
479 3303 587 3364 fusius.
601 3304 782 3364 declaratur
803 3302 835 3361 in
857 3300 1068 3362 instructione

97 3401 290 3462 Sanctitctis
310 3401 391 3461 Suae
406 3399 492 3460 iussu
505 3404 639 3459 exarata
659 3399 708 3458 die
723 3399 764 3460 26
784 3396 970 3474 septembris
993 3391 1069 3454 anni

102 3495 291 3572 1791super
312 3493 485 3572 Baptismo,
501 3491 704 3552 Matrimonio
719 3495 753 3551 et
773 3488 965 3567 Sepultnris.
