2632 4262
301 351 404 413 tribus
425 351 472 410 edv
486 350 661 412 vexandum
681 367 794 428 eorpus
820 351 917 410 borae
937 349 1124 422 momentis,
1140 351 1257 414 :suadet

301 445 339 505 ut
352 460 482 504 serenus
492 447 526 504 et
541 447 730 521 postremum
744 443 995 506 benedicat-suis:
1013 447 1078 504 tum
1099 443 1193 504 iilum
1209 445 1258 504 ab·

301 539 440 618 rumpit,
465 557 502 600 ao
524 539 773 616 triumphantem
800 540 910 599 Senem
943 538 1009 599 anis
1028 539 1094 615 ipsa
1115 538 1257 598 menibus

300 635 385 694 laetu
405 633 494 694 vehit
514 632 545 692 iu
567 633 699 694 eaelum.
723 633 749 693 0
770 633 860 693 beate
881 634 1002 705 Senex,
1022 649 1114 710 quam
1129 633 1257 692 ‘demum

301 728 379 788 lelix
399 745 466 787 esse
486 725 596 786 debuit
616 727 692 788 baec
709 729 800 786 tenta
820 726 995 798 conversio,
1009 743 1101 802 quum
1123 725 1256 802 primum

301 823 450 884 candidus
470 822 628 882 insuetum
650 822 770 900 olympi
790 821 885 883 limen
906 822 1041 882 miratus
1061 825 1113 881 es!

311 933 315 938 ·
360 917 562 992 Quamquam,
572 916 685 975 Patres
695 914 956 986 Eminentissimi,
966 913 1156 974 subtacitam
1166 913 1257 990 quod·

301 1011 384 1081 dam,
400 1027 455 1068 nec
475 1007 553 1068 satis
567 1007 758 1083 explicatum
780 1010 848 1068 tota
868 1007 1004 1068 Basilica
1018 1023 1167 1066 murmur·
1182 1006 1257 1065 mihi

301 1103 410 1163 audire
431 1101 554 1173 videor3
569 1103 614 1172 et,
634 1099 661 1158 si
682 1104 768 1160 recte
790 1099 1005 1177 interpretor,
1027 1099 1189 1158 hominum
1210 1104 1257 1160 est

299 1213 367 1257 sese
386 1191 665 1270 interrogantium,
680 1209 826 1269 quorsum
848 1192 1027 1270 pertinebat
1040 1192 1133 1250 sunus
1146 1209 1257 1268 parare

298 1288 461 1366 Martyri,
488 1285 671 1364 precarique
692 1289 788 1346 Deum
822 1288 858 1346 ut
877 1285 1010 1352 flammis
1031 1284 1147 1360 eripiat
1175 1303 1256 1358 enm,

298 1385 351 1462 qui
372 1384 512 1443 flammas
533 1399 588 1440 nee
608 1380 740 1454 viderit,
757 1399 812 1440 nec
833 1381 986 1450 senserit,
1006 1397 1061 1438 uec
1081 1379 1148 1439 ullo
1168 1381 1258 1437 modo

298 1474 467 1552 attigerit3
489 1491 581 1550 quem
607 1473 709 1534 colere
730 1473 833 1549 potius
861 1473 1019 1533 institutis
1039 1473 1130 1532 festis
1149 1473 1257 1532 diebus
1297 1513 1298 1558 3

298 1567 467 1628 decuissetl
480 1568 565 1633 Quae
579 1583 652 1628 sene
666 1567 867 1642 reprehensio
886 1584 954 1626 sese·
966 1567 1048 1626 tueri
1070 1566 1257 1642 gravissimu

296 1661 489 1724 auctoritate
510 1661 619 1719 vestra
640 1661 766 1720 videtur
787 1677 886 1738 posse,
908 1659 962 1736 qui
983 1660 1131 1719 inuncet
1151 1659 1258 1737 parari
1297 1663 1298 1732 g

296 1753 446 1826 iussistis,
462 1756 496 1812 et
515 1751 662 1826 duxistis,
677 1757 771 1830 etque
792 1755 849 1814 bac
863 1753 1064 1814 solemnitate
1085 1770 1256 1830 pompaque

297 1846 492 1919 celebrastis,
507 1846 688 1922 precatique
703 1846 767 1907 rite
781 1865 838 1923 pro
852 1847 1004 1908 Pontifiee
1017 1848 1158 1908 Maximo
1168 1847 1256 1906 estis.

297 1940 355 2010 Qui
376 1941 454 2000 mihi
475 1941 627 2013 homines,
651 1941 730 2018 siqui
752 1945 837 2014 sunt,
857 1940 960 2001 videri
981 1940 1122 2017 profecto
1144 1941 1258 2000 debent

296 2036 348 2096 vel
370 2034 462 2094 obliti
483 2053 562 2106 esse,
578 2033 630 2093 vel
646 2051 810 2110 numquam
830 2033 975 2094 didicisse
995 2052 1074 2112 quse
1089 2036 1257 2114 Theologi,

295 2147 374 2206 quae
394 2123 560 2199 Doctores,
583 2145 660 2204 qnae
682 2127 817 2202 Patres,
839 2145 917 2205 quae
938 2131 1008 2188 tota
1029 2127 1096 2205 ipsu
1118 2129 1259 2190 Ecclesia
1297 2205 1298 2210 ἵ

295 2223 333 2281 de
353 2221 497 2298 precibus
524 2235 580 2294 pro
601 2219 735 2280 mortuis
763 2220 974 2280 tradiderunt.
998 2221 1074 2288 Quis
1094 2225 1146 2281 est
1175 2222 1258 2281 enim
1297 2231 1298 2240 ’

294 2312 347 2390 ᾳίιί
369 2313 480 2372 debeat
499 2312 629 2382 nescire,
646 2313 794 2373 bonorum
808 2331 886 2390 quae
900 2314 1043 2390 precibus
1058 2315 1257 2389 obtinentur,
1297 2327 1298 2346 ³

294 2421 361 2464 esse
382 2404 617 2464 distributorem
639 2408 747 2478 Deum3
762 2405 815 2482 qui
837 2425 917 2466 uuus
937 2407 1043 2483 etqui
1064 2412 1191 2484 egeant-
1206 2427 1258 2470 uo·
1297 2449 1298 2462 ,

293 2497 392 2570 verit,
408 2502 441 2557 et
454 2497 565 2572 quibus
579 2497 873 2578 velitelargiaturp
885 2501 1015 2578 fierique
1032 2520 1258 2578 saepenumero

293 2607 395 2668 posse,
418 2593 455 2650 ut
475 2604 638 2668 precemur
659 2605 717 2668 pro
745 2593 816 2653 viro
836 2595 889 2669 qui
911 2596 1029 2656 nullius
1050 2599 1155 2672 egeat:
1178 2599 1256 2674 quod

292 2685 394 2762 ipsum
409 2684 534 2764 precari,
544 2682 648 2744 tumen
660 2689 693 2745 et
706 2681 912 2747 iustissimum
924 2689 1012 2748 nobis
1022 2692 1056 2748 et
1067 2689 1259 2750 iucundissi-

293 2795 377 2838 mum
398 2779 462 2838 Ite'o
481 2771 542 2852 est,
557 2780 678 2855 quando
698 2778 730 2837 in
752 2797 788 2840 eo
809 2781 942 2841 maxime
968 2781 1072 2858 fulget
1092 2783 1259 2858 praeclare

289 2873 527 2946 inurbanitas,
547 2889 638 2950 quum
660 2876 823 2952 tantopere
845 2875 947 2935 voluit
968 2894 1034 2936 esse
1058 2878 1258 2937 commenda·

291 2967 372 3026 tami
384 2966 587 3032 Quamobrem
602 2966 713 3027 mirari
735 2967 879 3028 desinant
892 2967 1032 3027 homines
1046 2967 1167 3028 factum
1190 2987 1258 3028 esse
1297 3025 1298 3034 ι

291 3075 348 3134 pro
368 3059 513 3135 Martyre
535 3059 639 3134 iunus3
662 3077 698 3121 eo
718 3060 823 3136 potius
844 3061 1060 3132 considerent,
1081 3079 1188 3120 aunon
1210 3061 1259 3120 iu·
1297 3059 1298 3078 ¹

291 3149 463 3210 stissimum
481 3151 591 3224 fuerit,
607 3155 779 3230 Parentem,
793 3153 958 3230 optimum,
974 3172 1065 3230 quem
1090 3154 1255 3214 viventem

276 3241 347 3302 ‘vix
367 3241 446 3301 setis
465 3242 597 3319 diligere
618 3246 789 3320 potuimus,
809 3246 991 3307 morientem
1013 3246 1169 3306 extremis
1191 3245 1257 3306 offl-

290 3335 348 3397 eiis
367 3339 576 3412 prosequutus
596 3353 674 3397 esse.
694 3339 902 3415 Quemquam,
920 3338 1256 3399 Eminentissimi·Ps-

290 3430 369 3502 tres,
384 3428 484 3487 maius
505 3427 651 3505 quiddam
672 3431 762 3503 mihi,
786 3433 842 3492 hoc
863 3431 1023 3492 celebrato
1042 3431 1179 3506 iuuere,
1199 3449 1255 3490 vc·

288 3521 427 3604 strisque
448 3521 603 3599 precibus,
619 3521 771 3583 videmini
792 3525 912 3584 iecisse.
930 3524 1005 3591 Quis
1025 3527 1075 3584 est
1093 3523 1179 3585 euim
1201 3522 1253 3601 qui
