2624 4260
59 349 218 422 spiritum
238 351 358 408 erroris
364 370 377 421 ;
395 349 443 409 ita
456 366 526 408 cum
541 347 647 407 verbis
662 345 801 405 Ioannis
821 342 962 420 Apostoli
978 340 1023 421 (1)

63 440 290 506 concludimus.
303 442 417 503 Divina
429 439 502 503 freti
520 440 736 502 misericordia
750 437 933 498 confidimus
948 435 1026 507 iore,

64 540 184 598 utnon
207 539 306 599 solum
328 541 459 618 collegii
487 539 621 602 Romani
643 542 676 598 et
697 537 887 613 Sapientiae
912 532 1029 610 profes-

65 647 166 704 sores,
181 633 233 692 sed
255 636 289 691 et
310 651 416 694 omnes
437 631 643 694 ecclesiastici
666 630 741 702 viri,
756 629 790 687 in
805 644 885 688 vero
903 643 1042 686 concor·-

64 721 158 795 diae,
189 725 437 786 mansuetudinis
463 729 497 785 et
518 722 686 785 charitatis
715 721 849 798 spiritu,
879 719 1028 780 noverint

65 817 158 875 unire
180 818 333 877 sinceram
358 818 545 879 fidelitatem
567 822 600 878 et
622 816 910 877 subordinationem
931 813 1030 891 magi-

63 909 233 982 stratibus,
254 911 307 988 qui
328 911 390 972 iam
416 913 569 990 regimine
597 912 793 988 iunguntur,
815 913 960 984 atquem
981 925 1030 968 sa-

66 1003 195 1081 pienter
220 1004 253 1064 in
286 1005 385 1082 priori
408 1008 476 1068 Tua
503 1005 713 1066 instructione
744 1001 933 1073 inculcasti,
958 1018 1029 1060 cum

66 1098 179 1157 debita
199 1098 230 1156 in
253 1117 430 1176 supremam
452 1099 660 1160 conscientiae
681 1117 717 1158 ac
731 1097 787 1158 Dei
808 1097 908 1173 legem
923 1095 1030 1154 obser-

63 1192 196 1265 vantia3
212 1196 307 1269 utque
328 1193 388 1270 ipsi
411 1195 615 1271 magistratus
628 1195 763 1254 Nostrae
778 1189 965 1250 intentionis
980 1204 1030 1246 re·

61 1285 253 1345 ctitudinem
281 1289 526 1365 perspicientes,
550 1290 648 1347 Tuam
670 1287 702 1346 in
723 1273 836 1345 ¹eodem
859 1282 1028 1345 Nobiscum
1090 1347 1092 1354 ,

62 1395 158 1438 sensu
174 1381 285 1456 agendi
298 1383 451 1442 rationem
463 1380 771 1458 irreprehensibilem
784 1377 1030 1455 agnoscant,Ni·

63 1471 115 1532 nil
137 1472 290 1533 babentes
302 1477 425 1534 malum
447 1476 553 1535 dicere
574 1475 613 1534 de
634 1474 732 1534 Nobis
746 1472 802 1551 (2).
819 1471 956 1547 Denique
970 1472 1029 1529 Do·

63 1564 185 1624 minum
207 1568 302 1626 Deum
325 1569 531 1642 obsecramus,
549 1573 585 1628 ut
605 1568 710 1628 lumen
732 1563 773 1626 et'
787 1565 940 1625 virtutem
955 1563 1027 1622 Tibi

63 1657 212 1718 infundat
232 1661 312 1720 unde
333 1679 401 1720 cum
423 1661 604 1738 Apostolica
624 1661 778 1720 firmitate
799 1659 955 1719 sustinere
974 1675 1028 1716 va-

63 1751 131 1810 leas
153 1770 250 1826 onus,
273 1755 350 1830 quod
375 1754 447 1814 Tibi
474 1755 696 1831 imposuimus3
720 1753 871 1831 Tibique,
893 1770 928 1811 ac
949 1749 1029 1809 dile-

63 1844 205 1904 ctissimo
236 1819 353 1907 liostro
385 1849 498 1926 populo
530 1849 746 1926 Apostolicam
778 1844 1027 1906 benedictionem

62 1943 267 2015 peramanter
288 1942 500 2019 impertimur.

124 2035 240 2094 Datum
252 2035 435 2096 Florentiae
446 2054 486 2096 ex
500 2036 652 2098 (toenobio
664 2033 864 2098 Oarthusian.
878 2033 970 2091 XXX
981 2031 1029 2090 la·

62 2124 1025 2204 usariianniMDOOXOlX,PontificatusNostriannoXXlV.

644 2302 737 2363 PIUS
757 2301 868 2362 PAPA
889 2299 943 2356 VI.

125 2505 164 2560 (ι)
180 2503 262 2562 upra.
281 2505 397 2552 1.1v.e.

126 2582 164 2638 (a)
179 2581 226 2638 Bp.
235 2579 269 2628 cd
279 2579 329 2627 ru.
340 2581 375 2627 11.
387 2582 410 2628 8.
