2624 4260
449 249 628 310 -207-

59 359 95 416 ut
116 355 292 432 praefatum
307 359 506 434 praestarent
526 357 748 430 iuramentum,
764 376 824 416 non
846 376 1018 433 possumus,

59 448 132 526 quin
148 453 219 508 tuos
241 450 279 507 ob
294 451 398 508 oculos
413 468 561 526 ponamus
582 467 661 522 eam,
675 469 753 528 quae
768 452 846 510 alias
861 453 1020 513 emanavit

58 562 76 603 a
96 543 204 615 Nobis,
228 547 300 620 post
320 547 477 602 maturum
500 562 642 617 examen,
666 547 701 603 de
724 546 781 604 hoc
803 547 916 621 puncto
938 546 1022 605 deci-

60 638 189 708 sionem,
206 637 237 695 id
257 627 328 710 est,
345 656 410 697 esse
431 637 579 697 illicitum
602 656 678 716 pure
708 658 742 699 ac
773 640 957 718 simpliciter
983 642 1021 702 ii-

59 731 111 790 lud
127 729 292 804 emittere,
313 749 461 808 posseque
476 733 641 790 dumtaxat
656 732 783 792 admitti
798 733 890 794 iuxta
904 735 1020 794 formu-

59 825 121 883 lam
143 841 163 881 a
182 824 281 883 Nobis
302 825 386 883 dicto
407 827 445 884 D.
459 824 590 884 Passeri
614 825 841 899 transmissam,
864 845 955 902 quam
982 830 1019 887 ad

58 918 208 978 maiorem
230 918 385 978 cautelam
406 921 443 977 de
465 938 545 978 novo
568 921 822 979 transcribimus:
837 921 907 998 Epo
920 923 960 982 N.
979 924 1018 980 N.

59 1015 131 1071 inre
153 1028 203 1070 nne
220 1021 350 1087 partein
371 1031 438 1072 non
459 1013 648 1072 habitnrnnn
669 1017 707 1072 in
726 1032 927 1091 qnacnnnqne
948 1034 1022 1076 con-

58 1109 237 1178 iuratione,
261 1109 500 1184 conspiratione
521 1115 552 1167 et
566 1107 722 1166 seditione
740 1125 799 1182 pro
820 1111 1022 1169 restituenda

56 1198 265 1270 Monarchia,
290 1207 319 1258 et
340 1208 458 1258 eontra
478 1200 730 1275 Rempnblicam,
754 1218 837 1278 qnae
857 1220 945 1262 nanc
961 1205 1020 1260 inn-

54 1300 169 1368 perat,·
182 1293 291 1351 odiam
308 1292 507 1363 Anaretiae,
523 1293 726 1368 fidelitatem,
744 1302 841 1370 atque
852 1294 1022 1353 adhaesio-

56 1404 133 1446 nem
144 1387 365 1461 Reipublicae,
378 1393 409 1444 et
428 1383 675 1457 Constitntioni,
692 1389 786 1445 saiva
796 1387 833 1445 de
848 1395 949 1446 cetero
961 1388 1022 1447 Re-

57 1481 183 1556 lipione
193 1477 370 1538 Gaetulico.
384 1479 478 1538 Iustis
490 1480 527 1536 de
539 1479 640 1537 causis
655 1478 809 1538 maximae
821 1479 916 1541 Nobis
927 1497 1021 1540 curae

56 1577 118 1643 est,
135 1571 215 1630 utin
232 1573 357 1648 negotio
373 1576 438 1632 tam
459 1573 594 1633 delicato
608 1591 643 1631 ac
659 1573 814 1631 salebroso
836 1573 1021 1632 observetur

58 1663 346 1741 uniformisagendi
358 1665 452 1736 ratic,
464 1667 559 1740 utque
574 1667 816 1741 protestationes
827 1667 1020 1726 obedientiae

59 1778 95 1818 ac
116 1757 283 1816 fidelitatis
306 1758 464 1834 regimini,
481 1776 549 1817 cum
572 1757 819 1818 immutabilibus
840 1756 1021 1820 Catholicae

59 1851 235 1927 Religionis
250 1849 355 1909 officiis
369 1851 589 1922 conciliantem
601 1869 696 1926 eoque
711 1851 810 1926 magis
826 1853 906 1928 quod
922 1855 1021 1912 Roma

59 1946 173 2003 debeat
187 1943 218 2001 in
241 1944 298 2002 hoc
320 1948 434 2019 puncto
456 1943 569 2002 ceteris
584 1943 708 2019 populis
738 1930 1022 2021 exemplum‘prae-

58 2040 146 2110 bere,
162 2037 302 2113 illudque
325 2037 546 2114 gravissimum
562 2037 666 2096 vitare
682 2039 860 2098 scandalum
883 2041 959 2116 quod
974 2058 1021 2099 re·

59 2132 216 2204 sultaret,
239 2131 264 2190 si
292 2131 451 2207 quisquam
482 2130 540 2188 sibi
569 2129 689 2190 licitum
719 2135 846 2207 putaret
867 2151 885 2190 a
905 2135 1022 2193 Nostra

58 2225 188 2284 deviare
210 2224 385 2294 decisione,
408 2242 485 2298 quae
507 2223 616 2282 multis
638 2225 710 2284 aliis
733 2226 763 2282 in
786 2225 863 2284 locis
885 2226 1021 2284 maxima

59 2337 129 2378 cum
151 2315 353 2376 veneratione
375 2321 505 2392 excepta
519 2321 579 2389 est,
600 2317 897 2378 etaccuratissimae
911 2337 1022 2378 execu-

58 2412 141 2472 tioni
163 2411 360 2480 demandata,
376 2427 513 2485 quaeque
532 2414 737 2470 consentanea
752 2416 801 2470 est
822 2412 928 2484 alteri,
943 2432 1021 2489 quae

58 2506 121 2564 iam
144 2523 163 2563 a
183 2503 280 2565 Nobis
301 2502 461 2562 emanavit
482 2521 538 2580 pro
560 2503 736 2564 iuramento
757 2505 879 2565 Gallica
900 2505 1022 2566 Consti-

58 2597 184 2658 tutione
205 2596 376 2674 proposito,
392 2597 470 2672 quod
493 2601 562 2674 post
583 2598 709 2674 longum
725 2617 759 2658 ac
774 2603 931 2658 maturum
948 2619 1022 2659 exa-

58 2711 142 2764 men,
158 2694 253 2768 atque
274 2695 384 2750 exacte
405 2691 586 2767 ponderatis
601 2692 632 2750 in
655 2696 819 2768 utramque
834 2695 956 2769 partem
971 2711 1022 2751 ra-

58 2785 207 2857 tionibus,
225 2787 261 2844 de
283 2773 413 2844 cons'ilio
436 2786 694 2863 congregationis
722 2804 778 2862 pro
800 2785 1020 2844 ecclesiasticis

58 2879 183 2939 Galliae
205 2879 340 2955 negotiis
362 2881 541 2955 deputatae,
565 2878 699 2938 aNobis
721 2877 868 2937 illicitum
891 2877 954 2936 fuit
968 2877 1022 2936 de-

58 2974 226 3032 claratum.
254 2973 337 3033 Oura
365 2973 484 3050 igitur,
507 2976 543 3031 ut
564 2973 619 3032 hos
639 2974 772 3034 Nostros
801 2989 908 3030 sensus
930 2988 1022 3028 unus-

58 3066 200 3142 quisqne,
223 3069 318 3142 prout
340 3083 415 3141 opus
435 3065 544 3139 fuerit,
561 3067 740 3142 perspectos
762 3065 885 3136 habeat,
907 3064 1022 3140 hosque

58 3159 125 3236 ipse
146 3174 272 3233 semper
293 3158 404 3217 habeto
426 3163 617 3235 praesentes,
635 3162 670 3217 ut
684 3177 734 3217 eos
749 3176 818 3217 cum
834 3156 1023 3218 sacerdotali

58 3249 248 3311 fortitudine
271 3250 431 3310 sustinere
450 3251 567 3323 valeas,
590 3253 767 3327 reponendo
789 3255 889 3311 totam
911 3251 943 3309 in
965 3253 1024 3310 Do-

59 3345 143 3403 mino
164 3342 309 3404 fiduciam
331 3348 431 3416 tuam,
448 3343 501 3420 qui
522 3343 631 3402 bonam
653 3361 777 3403 causam
793 3343 954 3403 tuentibus
968 3345 1023 3404 ad-

58 3437 174 3496 sistere
195 3454 256 3495 non
277 3435 412 3496 omittit.
429 3436 559 3496 Interim
588 3438 652 3498 Nos
674 3437 878 3514 implorantes
899 3456 915 3495 e
938 3438 1022 3496 caelo

58 3531 186 3591 divinae
210 3530 332 3608 gratiae
354 3533 447 3606 atque
469 3529 620 3590 adiutorii
635 3529 867 3604 abundantiam,
884 3529 956 3589 Tibi
971 3547 1024 3606 pa·
1045 3612 1048 3620 .
