2582 4270
280 328 586 392 nitur-observantia
600 331 806 390 Dacratorum
820 331 1037 392 conventionis
1051 332 1244 404 Nationalis,
1283 370 1284 373 =

281 444 351 486 cum
364 427 472 487 cadem
493 425 620 486 decreta
634 445 653 486 a
667 426 757 486 nobis
778 443 834 504 par
853 426 982 488 litteras
997 426 1029 486 ia
1046 427 1148 486 torma
1168 428 1246 488 Bre-

281 519 332 580 vis
352 517 402 580 dia
425 518 462 579 13
476 517 596 595 Aprilis
618 519 708 593 1791,
730 521 761 596 5.
776 519 839 578 His
855 522 998 596 peractis
1018 519 1065 598 (l)
1086 519 1247 581 declarata

280 612 398 690 partim
413 611 533 672 fuerint
547 612 719 686 haeretica,
735 614 852 690 partim
866 613 1076 686 schismatica,
1092 613 1248 674 incurris-

281 724 314 767 se
335 706 367 765 in
389 723 504 783 poenas
518 724 537 766 a
550 705 620 766 iura
641 709 779 768 statutas
793 712 904 768 contra
924 708 1064 770 fautores
1078 711 1112 769 at
1132 709 1249 768 adhae-

282 804 390 862 rentes
410 800 533 860 hacrcsi
547 804 580 858 11
601 799 775 871 schismati,
790 799 927 877 adeoque
941 800 1114 878 adimplere
1135 801 1248 860 debere

282 893 475 954 conditiones
496 893 709 970 praescriptas
729 893 761 954 in
782 894 909 954 Nostris
929 893 1107 971 apostolicis
1129 893 1248 954 11111111

282 990 346 1049 dici
363 991 401 1051 19
421 988 532 1050 Μ11111
546 989 621 1049 anni
644 989 775 1064 179211
792 990 912 1052 1111111
934 990 1047 1051 velint.
1063 991 1150 1058 Quod
1173 1007 1247 1050 vcro

282 1089 406 1164 spectat
435 1085 621 1144 facultatem
649 1102 702 1144 eos
723 1084 930 1158 absolvendi,
958 1085 1118 1162 provisum
1147 1085 1248 1146 iama

282 1179 370 1239 nobis
391 1183 452 1250 est,
467 1179 667 1238 extendendo·
683 1179 721 1238 ad
736 1178 1016 1256 archiepiscopum,
1035 1183 1068 1237 11
1088 1179 1248 1255 episcopos

283 1275 469 1348 Sabaudiae‚
485 1293 541 1351 par
555 1274 683 1334 litteras
698 1275 872 1336 cardinalis
884 1277 921 1335 de
936 1276 1049 1336 zelada
1059 1275 1121 1334 dici
1135 1276 1177 1334 24
1189 1276 1249 1336 Nc·

282 1369 420 1428 vambris
434 1367 605 1444 superioris
626 1368 700 1426 anni
715 1367 773 1445 (2),
789 1369 957 1428 facultates
971 1386 1076 1427 omnes
1090 1385 1249 1428 concessas

282 1460 523 1538 archiepiscopis
547 1466 581 1520 11
601 1461 753 1538 episcopis
773 1464 864 1539 regni
883 1461 1058 1522 Galliarum
1085 1479 1142 1538 per
1162 1461 1250 1521 litte·

283 1574 335 1618 111
357 1554 543 1633 apostolicas
564 1556 596 1614 in
619 1555 720 1616 forma
741 1556 848 1616 brevis
869 1555 956 1633 typis
977 1554 1096 1630 editas,
1117 1573 1249 1632 quarum

283 1652 471 1712 facultatum
504 1649 756 1726 prorogationem
788 1650 983 1710 concedimus
1011 1653 1047 1712 ad
1075 1650 1173 1710 alium
1197 1669 1250 1711 an-

284 1765 370 1817 num,
387 1745 413 1804 si
435 1743 555 1804 tamdiu
577 1746 753 1820 temporum
769 1743 934 1804 calamitas
954 1745 1190 1821 perduraverit.

344 1839 399 1896 Ill.
415 1835 475 1902 Qui
490 1836 644 1912 praestito
659 1837 848 1910 iuramento,
861 1837 1176 1898 communicationum
1193 1837 1251 1897 sal·

286 1933 350 1990 tem
380 1929 575 2013 graviorum,
591 1929 629 1986 ic
651 1929 777 1995 diuinis
797 1930 867 1990 labe
896 1949 928 1989 sa
956 1931 1157 2007 polluerunt,
1185 1931 1249 1990 siva

284 2042 355 2084 oum
376 2017 666 2100 pseudo-episcopo,
690 2022 756 2081 sive
777 2041 847 2082 cum
868 2023 941 2083 aliis
963 2024 1182 2084 beneficiorum
1208 2023 1250 2083 in·

285 2117 447 2179 vasoribos
469 2133 575 2176 curam
597 2116 772 2176 animarum
794 2123 975 2186 exercentes
997 2119 1028 2178 iu
1050 2118 1157 2178 titulo.

346 2215 386 2274 R.
402 2215 451 2273 Ad
474 2211 601 2272 dubium
624 2215 679 2272 111.
696 2213 755 2272 Eos
776 2230 882 2272 omnes
903 2217 937 2272 et
957 2212 1110 2290 singulos,
1127 2216 1164 2272 de
1187 2213 1251 2290 qui·

284 2307 342 2366 bus
364 2306 414 2364 hic
435 2305 556 2382 agitur,
577 2305 746 2365 incurrisse
767 2305 799 2363 in
822 2323 937 2382 poenas
958 2308 1096 2366 statutas
1117 2324 1136 2364 a
1157 2306 1252 2366 sacris

287 2401 470 2472 canonibus,
486 2405 520 2460 11
541 2400 580 2460 11
601 2399 781 2476 apostolicis
801 2399 1093 2470 constitutionibus,
1115 2402 1251 2476 adeoquo

285 2511 346 2554 non
367 2512 435 2554 essa
449 2493 666 2564 absolvendos,
683 2492 742 2551 nisi
765 2493 901 2554 servatis
915 2493 1179 2553 conditionibusa
1202 2511 1253 2552 no·
1288 2547 1289 2554 ,

284 2586 334 2649 111
348 2587 552 2664 praescriptis
563 2586 595 2644 io
610 2585 762 2663 praefatis
774 2585 895 2645 litteris
908 2585 969 2644 diei
986 2586 1024 2647 19
1034 2585 1145 2646 Μ11111
1162 2586 1249 2646 1792.

345 2683 400 2742 iv.
416 2681 475 2748 Qui
497 2699 516 2740 a
536 2680 813 2758 pseudo-episcopo
833 2679 975 2738 clericali
997 2683 1141 2752 tonsura,
1159 2678 1253 2738 mino-

286 2775 447 2851 ribusque,
463 2777 519 2834 aut
540 2773 637 2832 sacris
659 2772 820 2832 ordinibus
843 2772 967 2832 initiati
988 2771 1121 2832 fuerint.

347 2871 387 2930 R.
410 2869 457 2928 Ad
480 2867 607 2927 dubium
629 2869 683 2927 IV.
705 2866 859 2942 Regulam
880 2884 899 2924 a
920 2865 1008 2926 nobis
1030 2865 1254 2942 praescriptam

287 2961 320 3021 in
342 2961 524 3038 apostolicis
546 2961 666 3021 litteris
687 2961 749 3020 diei
779 2962 815 3020 13
837 2959 919 3020 lunii
942 2959 1042 3031 1792,
1069 2969 1182 3018 contra
1204 2975 1254 3017 cos

287 3055 341 3132 qui
362 3053 529 3130 illegitime
550 3053 700 3125 ordinati,
717 3057 773 3112 aut
794 3052 950 3128 integram
973 3051 1175 3123 parochiam,
1201 3055 1256 3111 aut

287 3169 396 3211 aarum
410 3152 533 3227 partem
548 3150 735 3217 invaserint,
753 3167 815 3210 una
827 3151 953 3227 dempta
973 3149 1182 3210 abdicationis
1198 3151 1256 3209 Pa·

287 3246 468 3305 rochiarom
482 3245 661 3304 invasorum
677 3245 758 3320 lega,
774 3245 960 3302 servandam
979 3261 1075 3320 acque
1096 3260 1164 3302 esse
1186 3261 1257 3302 con-

289 3342 341 3400 tra
361 3337 444 3410 illos,
460 3337 513 3414 qui
535 3356 553 3398 a
574 3337 849 3414 pseudo-episcopo
877 3334 1018 3396 clericali
1044 3337 1177 3396 tonsura
1198 3336 1257 3396 ini-

353 3468 387 3522 (1)
406 3464 463 3513 Viti.
474 3467 534 3513 tom.
547 3468 567 3512 Ι.
580 3479 638 3525 pag.
651 3466 706 3513 148.

352 3543 388 3596 (2)
405 3539 463 3588 vid.
483 3541 544 3587 tom.
558 3545 578 3588 1.
591 3553 650 3600 pag.
663 3543 718 3588 aba.
