2606 4268
48 359 261 418 revocandam
276 362 311 418 et
324 357 603 418 constabiliendum
618 357 650 418 in
663 357 838 419 Galliarum
853 378 952 436 regno
966 380 1020 424 ca·

50 451 202 511 thelicam
226 451 424 528 religionem,
447 450 549 510 veluti
570 453 635 513 Nos
655 452 796 512 futurum
818 455 1013 530 confidimus,

49 564 121 608 cum
137 548 280 606 vestrum
302 549 434 622 uterquc
456 545 560 622 palam
575 544 764 622 profiteatur
780 566 813 607 se
828 548 908 608 nihil
921 549 1019 610 omis-

49 659 158 701 surum
182 661 290 704 eorum
306 661 364 721 per
384 661 462 720 quae
484 643 612 720 possitis
633 644 666 704 io
689 650 830 706 vestrum
847 646 1019 724 gloriosum

50 735 212 812 inceptum
233 737 380 797 celestem
402 737 649 798 benedictionem
669 756 810 800 evocare.
831 741 896 799 Hoc
917 741 1019 817 ipsum
1141 728 1144 737 ’

50 833 88 888 nt
109 831 186 901 fiat,
208 832 343 892 Nostrae
366 831 464 891 etiam
480 833 544 890 Deo
566 831 684 908 optimo
705 833 841 893 maximo
863 833 1021 894 adhibebi-

51 941 120 982 mus
135 941 256 1000 preces,
270 927 303 984 et
318 924 449 984 interim
466 923 537 996 tibi,
553 925 714 1000 praedicto
736 925 921 999 marchioni,
938 931 972 986 et
984 925 1022 986 fl-

53 1017 176 1076 delibus
190 1016 380 1077 Britanniae
395 1017 550 1078 universis
562 1019 763 1102 apostolicam
776 1019 1021 1080 benedictionem

52 1114 259 1187 peramanter
280 1110 491 1188 impertimur.

111 1207 231 1264 Datum
247 1206 376 1278 Romae,
390 1205 441 1266 die
452 1208 544 1268 XXV
554 1206 693 1267 Ianuarii
708 1207 927 1282 MDGGXGIV,
937 1209 1023 1267 Pon·

52 1300 194 1360 titcatus
214 1299 326 1360 Nostri
347 1318 428 1360 auno
449 1302 522 1362 XX.
997 1313 999 1318 '

471 1455 616 1529 mr,

243 1580 406 1625 mrssmo
420 1581 454 1624 IN
468 1581 599 1624 cumsro
613 1581 696 1622 ululo
709 1582 831 1626 NOSTRO

196 1699 402 1760 LUDOVIOO
434 1700 665 1759 STANISLAO
696 1699 883 1760 XAVERIO

372 1839 492 1900 Conciti
513 1841 710 1903 Provinciae

266 1985 438 2066 PIUS
493 1985 686 2064 ΡΑΡΑ
739 1985 811 2064 VI.

101 2155 339 2216 nileoussime
360 2155 398 2212 in
420 2155 556 2213 christo
578 2156 648 2212 Fili
669 2157 809 2225 Noster,
829 2155 995 2215 Salutem·

231 2253 267 2308 et
286 2250 523 2320 Apostolicam
550 2251 847 2308 Benedictionem.

114 2402 258 2463 Litteras
279 2405 364 2462 Tuas
385 2401 435 2460 die
451 2401 490 2462 15
504 2401 657 2461 februarii
680 2401 769 2462 datas
783 2420 853 2462 cum
876 2403 1025 2462 redderet

50 2497 151 2560 Nobis
172 2498 252 2556 Veo.
275 2497 394 2558 Frater
414 2497 529 2558 Noster
550 2496 727 2558 cardinalis
749 2488 786 2555 de
807 2497 940 2570 Beroia,
964 2515 1027 2558 una

50 2591 153 2652 etiam
174 2591 333 2668 exposuit,
356 2608 435 2668 quae
457 2590 488 2649 in
509 2589 548 2649 iis
563 2591 766 2650 continentur
780 2591 942 2668 postulata
956 2595 1023 2665 tua,

52 2684 182 2760 suisque
195 2685 302 2743 eadem
315 2685 365 2742 est
376 2683 488 2743 studiis
500 2690 694 2761 prosecutus.
707 2685 846 2744 Maxime
859 2685 1025 2745 molestum

49 2778 152 2840 Nobis
172 2777 287 2838 accidit
308 2778 394 2836 Tuae
415 2777 482 2837 eius
504 2777 670 2855 petitionis
692 2782 931 2854 argumentum,
956 2778 1028 2854 plu-

50 2873 138 2931 rima
158 2872 246 2929 certe
268 2869 536 2929 commiseratione
558 2871 793 2946 dignissimum,
809 2871 963 2955 eiusmodi
979 2875 1027 2956 ta7

52 2961 140 3038 men,
150 2969 187 3024 ut
198 2965 250 3024 vel
266 2983 335 3024 cum
348 2964 484 3024 maxime
497 2964 574 3024 illud
587 2967 618 3024 in
629 2967 693 3026 Nos
707 2965 865 3041 suscipere
878 2964 1026 3039 velimus,

52 3060 216 3120 sustinere
231 3061 334 3118 tamen
350 3076 409 3116 non
426 3058 596 3118 valeamus.
614 3061 675 3118 Tot
689 3059 752 3118 iam
768 3059 932 3118 Gallorum
947 3057 1028 3117 emi·

53 3160 224 3232 gratorum
248 3152 348 3212 millia
362 3151 394 3210 in
411 3151 590 3212 universam
607 3154 686 3212 hanc
702 3153 860 3213 Ditionem
875 3154 1026 3215 Nostram

51 3252 188 3326 recepta
209 3250 295 3317 suut,
320 3247 355 3304 ut
376 3245 504 3305 eandem
526 3246 617 3322 plane
639 3251 865 3324 praegraveut,
894 3246 1026 3323 repletis

54 3343 221 3413 omuibus,
250 3359 328 3417 quae
357 3358 487 3417 usquam
515 3341 652 3402 inveniri
680 3345 831 3419 poterent
859 3339 1024 3417 hospitiis,

52 3437 175 3514 uixque
198 3434 436 3506 sufficientibus,
459 3437 646 3514 praesertim
666 3437 698 3495 iu
721 3437 814 3496 huius
834 3435 909 3494 anni
930 3451 1029 3510 penu-

51 3532 103 3592 ria
125 3534 165 3590 ad
190 3529 309 3590 incolas
331 3532 552 3592 sustentandas
574 3532 678 3592 victas
700 3531 808 3609 copiis.
825 3531 873 3591 Ne
895 3529 952 3587 hos
966 3525 1029 3602 igi·

151 3680 212 3729 Vol.
232 3680 276 3729 ΙΙ.
922 3681 937 3726 6
