2606 4268
470 270 646 330 -155-

80 373 178 434 satica
201 375 275 435 istic
297 375 356 435 loci
376 380 480 449 erant,
502 378 536 436 vi
550 378 716 438 memorati
737 367 855 440 Nostri'
868 381 981 440 Brevis
1006 381 1045 440 in·

39 519 46 530 ,
81 485 116 526 eo
137 469 320 541 convenire,
344 473 379 530 ut
399 470 536 532 validam
558 472 731 532 habendam
753 477 866 549 putent
886 472 1042 532 Brindclii

80 563 367 636 consecrationem,
392 567 562 640 propterea
589 567 691 641 quod,
716 570 751 625 ut
773 565 804 624 in
826 565 948 626 litteris
978 565 1042 626 tuis

80 653 232 731 scriptum
255 658 316 729 est,
338 658 516 717 ‹Gobelius
537 658 659 734 publice
680 661 713 718 et
734 659 948 736 spectantibus
974 659 1043 735 plu·

78 748 201 808 »ribus
215 749 389 810 inviolatae
403 753 504 811 adhuc
524 751 596 810 fidei
618 754 685 811 tum
707 753 831 812 clericis
853 757 918 826 tum
941 751 1042 821 laicis,

77 857 96 901 r
111 841 379 902 consecrationem
393 843 549 905 Brindelii
572 845 744 922 peregerit,
761 845 914 905 neminem
937 848 1042 904 autem

79 952 237 1007 aeorum,
265 939 417 1012 quotquot
438 943 618 1014 praesentes
639 945 746 1011 eraut,
773 938 968 1011 advertisse,
989 937 1043 997 vel

78 1028 261 1087 »omissum
283 1046 302 1087 a
323 1030 452 1088 Gobelio
467 1048 547 1102 ease,
564 1031 614 1090 vel
636 1048 799 1107 perperam
813 1033 967 1103 additum,
983 1049 1042 1107 quo

78 1120 251 1204 »essentia
275 1123 518 1182 consecrationis
546 1115 769 1183 laederetur.»
790 1123 870 1190 Quin
893 1124 988 1183 etiam
1010 1123 1042 1182 in

79 1215 208 1274 candem
223 1232 292 1274 oum
308 1215 451 1292 parochis
466 1216 654 1276 sententiam
670 1217 785 1276 eisdem
801 1218 837 1275 de
853 1217 953 1276 causis
971 1234 1045 1275 oon·

78 1307 209 1367 cessisse
231 1309 495 1384 spectatissimum
518 1309 617 1385 ipsum
639 1309 902 1385 Argentinensem
919 1310 1042 1385 Episco-

77 1418 152 1478 pum
174 1400 323 1460 dilectum
345 1402 445 1460 filium
459 1403 610 1463 Nostrum
626 1403 658 1461 S.
676 1405 715 1462 R.
732 1403 768 1462 Ε.
786 1401 991 1463 cardinalem·
1006 1405 1042 1461 de

75 1495 203 1556 Rohan.
217 1495 324 1570 Neque
339 1496 461 1554 demum
477 1499 562 1555 tuam
580 1495 712 1555 defuisse
726 1513 832 1555 curam
854 1499 888 1555 et
911 1495 1043 1572 diligen·

75 1587 156 1646 tiam
178 1588 210 1646 in
233 1588 419 1648 sciscitando
445 1589 483 1649 ab
508 1590 642 1665 ipsomet
662 1589 781 1650 Aloisio
803 1589 958 1660 Lindero,
981 1607 1042 1664 quo

76 1679 135 1738 ille
158 1679 226 1740 ritu
247 1680 346 1753 fuerit
367 1701 386 1741 a
405 1683 567 1742 Brindelio
582 1684 620 1742 ad
636 1683 768 1742 Ordines
786 1685 959 1758 promotus,
974 1698 1043 1742 «ex

75 1775 216 1847 bouins,
238 1780 275 1834 ut
295 1775 354 1847 ais,
369 1776 498 1835 minimo
517 1775 631 1836 fucatis
653 1775 902 1852 responsionibus
923 1775 1043 1835 abunde

76 1867 222 1944 »colligi
248 1886 337 1944 posse
365 1870 552 1943 arbitraris,
576 1869 681 1930 omnia
702 1871 733 1928 in
755 1888 790 1928 eo
812 1873 939 1929 servata
962 1885 1045 1939 asse,

76 1974 98 2018 r
112 1977 192 2036 quae
213 1960 245 2018 iu
268 1957 516 2022 ordinationibus
537 1981 577 2022 ex
598 1963 792 2040 praescripto
808 1961 948 2024 Ritualis
962 1959 1046 2020 ordi-

76 2070 98 2112 »
113 2051 215 2112 uariis
226 2056 380 2115 servanda
391 2059 476 2115 sunt.
490 2056 573 2116 »His
584 2056 810 2133 praecognitis,
820 2053 1044 2114 consultationi

78 2148 155 2204 tuae
182 2163 331 2222 responso
353 2166 389 2207 eo
411 2167 472 2207 uuo
494 2149 749 2209 satisfaciendum
772 2147 939 2219 duximus,
965 2148 1044 2222 quod

79 2239 265 2316 apostolicis
293 2242 428 2301 decretis
453 2242 627 2315 sancitum,
653 2260 688 2301 ac
714 2247 866 2317 perpetuo
888 2238 1044 2299 Ecclesiae

79 2351 139 2392 usu
168 2333 360 2392 custoditum
385 2353 420 2394 ac
446 2335 597 2396 traditum
627 2334 823 2411 accepimus3'
846 2333 927 2392 nibil
948 2350 984 2391 ac
1005 2349 1043 2390 ne

79 2425 205 2502 quidem
234 2426 290 2485 sub
317 2427 464 2488 adiuncta
492 2428 669 2487 conditione
691 2427 722 2486 in
744 2425 961 2498 ordinatione,
983 2423 1045 2484 etsi

80 2517 209 2578 aliunde
230 2518 358 2593 illicita,
381 2520 603 2594 innovandum,
619 2539 697 2598 quae
715 2522 752 2581 ad
776 2537 914 2579 normam
936 2536 1047 2594 appro-

79 2609 149 2669 bati
171 2611 309 2671 Ritualis
329 2618 458 2690 peracta
472 2615 528 2685 sit,
542 2632 599 2673 nec
613 2614 644 2672 in
660 2631 698 2672 ea
711 2613 876 2689 quidquam
893 2610 1043 2688 diligenti

79 2703 256 2779 praemissa
275 2705 488 2781 inquisitione,
512 2706 602 2767 utin
624 2706 785 2783 proposito
808 2723 880 2765 casu
901 2701 1042 2773 Linderi‚

81 2811 114 2854 se
136 2795 261 2870 prodat,
284 2797 363 2874 quod
386 2797 514 2870 iustam,
537 2816 678 2876 gravem,
694 2815 829 2873 vereque
851 2793 1045 2872 probabilem

82 2888 120 2946 da
148 2887 237 2948 illius
265 2889 373 2949 valore
403 2891 564 2971 dubitandi
593 2907 718 2966 oausam
747 2889 871 2949 afferat.
895 2887 1046 2953 Quocirca

81 2979 266 3041 facultatem
288 2982 348 3042 tibi
369 2982 511 3057 facimus,
527 2984 642 3044 dilecte
656 2983 733 3056 Fili,
756 2986 793 3042 ut
814 3000 873 3040 non
895 2981 1043 3040 modoad

80 3074 369 3134 reconciliationem
390 3077 522 3136 Linderi
544 3077 635 3136 iuxta
664 3093 803 3136 normam
825 3074 857 3133 in
880 3073 963 3133 dioto
984 3075 1047 3134 No-

81 3167 270 3239 stroBrevi
299 3169 525 3246 praescriptam
554 3171 747 3246 procedere,
777 3185 887 3227 rerum
917 3167 1046 3244 insuper

81 3261 230 3336 proutin
251 3262 381 3322 Domino
409 3263 556 3340 expedire
584 3263 642 3322 tibi
671 3262 852 3336 videbitur,
875 3263 1005 3346 eundem
1027 3277 1046 3318 a

81 3353 211 3413 vinculo
239 3355 448 3431 suspensionis
475 3358 509 3414 et
536 3355 811 3432 irregularitatis,
834 3357 1046 3431 quopropter

82 3451 273 3508 memoratas
288 3450 395 3526 culpas
410 3448 556 3508 irretitus
572 3452 711 3521 tenetur,
728 3449 864 3521 solvere,
880 3451 973 3524 atque
987 3448 1045 3506 bac

77 3539 151 3644 p'psa
175 3542 282 3601 eadem
311 3541 492 3602 absolvendi
513 3559 549 3600 ac
570 3541 768 3618 dispensandi
797 3540 949 3600 facultate
976 3556 1045 3598 cum
