2624 4260
253 354 359 423 noant,
379 369 398 410 a
418 351 589 414 iuramenti
610 355 773 432 impietate
796 354 996 424 abhorreant,
1012 348 1221 428 apostolicam

252 461 353 520 opem,
368 445 420 503 vel
434 464 503 504 cum
526 449 612 509 vitae
627 468 700 510 suae
721 447 873 525 periculo,
889 440 1104 524 indigentibus
1126 443 1222 502 exhi-

250 537 357 608 beant,
373 537 477 597 omnia
497 541 627 618 denique
648 547 813 619 praestent
834 560 913 618 quae
929 538 1056 616 propria
1077 539 1222 614 pastora·

252 629 293 690 lis
313 629 485 692 ministerii
507 639 581 694 sunt
608 639 641 695 et
667 635 872 694 sacerdotalis
893 631 1081 692 firmitatis?
1102 631 1221 706 Magna

253 727 341 783 certe
363 728 544 802 tempestas,
559 730 596 787 D.
612 729 650 788 F.
666 729 707 790 N.
724 732 767 802 et,
785 733 821 788 ut
841 733 928 788 recte
951 732 986 788 tu
1001 743 1120 803 quoque
1142 723 1221 784 sori-

253 818 311 889 bis,
332 837 497 896 numquam
519 822 557 880 ad
579 823 654 882 haec
677 841 772 898 usque
802 827 944 898 tempora
964 825 1035 898 post
1055 819 1219 878 hominum

253 913 433 972 memoriam
454 914 573 988 audita,
597 934 636 974 ex
658 915 833 990 inferorum,
854 915 954 992 portis
976 917 1089 972 contra
1108 911 1221 972 Eccle-

254 1005 332 1064 siam
355 1011 403 1064 est
423 1007 548 1082 emissa,
565 1028 675 1069 verum
697 1028 767 1069 cum
788 1029 825 1070 ea
846 1011 890 1070 sit
910 1013 1001 1070 tanta
1022 1025 1092 1067 cum
1113 1005 1220 1083 gloria

253 1098 330 1170 eius,
348 1103 497 1177 tantaque
512 1121 581 1161 cum
604 1108 713 1163 vestra
728 1103 871 1164 utilitate
886 1103 1064 1174 coniuncta,
1080 1119 1142 1158 non
1163 1117 1218 1159 ros

253 1193 291 1252 ob
313 1198 404 1254 tanta
424 1197 519 1268 mala,
546 1215 623 1274 quae
645 1197 737 1257 fertis
752 1241 759 1269 ,
776 1197 905 1270 dolere,
931 1213 1044 1255 rerum
1065 1195 1103 1254 ob
1126 1197 1219 1254 tanta
1270 1223 1274 1236 ·

252 1289 377 1360 decora,
394 1289 505 1364 quibus
520 1289 642 1368 augetis
664 1291 848 1361 Ecclesiam,
863 1291 979 1350 laetari
998 1288 1129 1348 debetis.
1154 1290 1218 1350 Nos

244 1383 352 1453 certe,
367 1382 509 1456 quamvis
530 1383 623 1441 eiecti
645 1401 661 1442 e
680 1383 820 1460 principe
839 1381 995 1442 Ecclesiae
1018 1383 1102 1453 sede,
1118 1380 1219 1457 patri·

253 1475 356 1532 monio
378 1475 479 1533 sancti
500 1476 590 1534 Petri
611 1475 753 1552 spoliati,
776 1476 924 1534 distracti
945 1495 964 1534 a
984 1474 1139 1535 iratribus
1154 1475 1219 1536 No-

253 1567 329 1627 stris
351 1567 542 1642 carissimis,
559 1569 657 1628 tantis
678 1586 857 1645 premamur
878 1569 1060 1641 aerumnis,
1082 1574 1217 1644 quantes

253 1660 320 1720 sine
341 1659 493 1736 peculiari
514 1660 570 1720 Dei
584 1661 704 1720 anxilio
725 1661 809 1721 ferre
831 1661 1021 1720 nullomodo
1042 1679 1215 1738 possemus,

253 1753 396 1830 quemvis
418 1754 513 1814 etiam
534 1755 667 1814 exitium
693 1773 801 1814 eorum
824 1754 1011 1832 gravissime
1033 1753 1215 1825 doleamus,

253 1847 318 1924 qui,
334 1847 435 1924 magis
457 1847 625 1926 diligentes
646 1851 791 1908 tenebras
809 1867 901 1926 quam
922 1849 1034 1920 lucem,
1051 1848 1090 1907 ab
1111 1847 1219 1907 Eccle-

243 1941 300 2000 sia
321 1941 543 2014 desoiverunt,
570 1947 624 2014 et,
650 1943 824 2019 instigante
851 1943 996 2014 diabolo,
1021 1941 1217 2017 pervicacius

253 2053 345 2112 quam
373 2036 472 2094 ceteri
501 2035 697 2112 patientiam·
716 2039 855 2095 vestram
881 2029 1050 2108 exercent,
1077 2035 1218 2094 dolores-

253 2133 457 2206 quevestros
488 2133 653 2206 praeterea
674 2128 802 2206 perinde
828 2147 1005 2190 communes
1033 2129 1215 2198 habeamus,

253 2223 336 2282 acsi
358 2241 411 2282 eos
431 2224 494 2284 Nos
516 2223 576 2299 ipsi
597 2223 763 2294 ferremus,
779 2225 885 2282 tamen
907 2242 977 2283 cum
1002 2226 1139 2282 vestram
1162 2240 1217 2298 pa·

254 2316 411 2388 tientiam,
427 2315 623 2387 tammultis'
638 2315 670 2374 iu
693 2315 852 2374 laboribus
874 2317 1075 2388 sustinendis,
1092 2319 1217 2375 tantam

253 2425 318 2467 esse
339 2408 567 2484 intelligamus,
595 2411 716 2467 tantam
737 2413 913 2468 ceterorum
941 2409 1078 2468 filiorum
1101 2408 1216 2466 fidelis-

254 2500 404 2560 simorum
425 2500 457 2558 in
480 2499 645 2559 retinenda
659 2501 814 2577 religione
835 2503 1056 2575 constantiam,
1072 2501 1215 2560 laborum

246 2595 441 2655 Nostrorum
463 2594 600 2675 omnium
628 2613 724 2672 paene
760 2595 998 2668 obliviscimur,
1024 2598 1058 2654 et
1085 2595 1123 2652 ob
1151 2597 1216 2653 tam

253 2689 416 2766 praeclara
437 2688 529 2762 bona,
548 2687 658 2764 quibus
672 2689 729 2750 hac
744 2689 782 2748 de
802 2707 895 2749 causa
915 2689 1106 2749 cumulatam
1129 2689 1216 2748 ride-

253 2801 321 2842 mus
342 2781 526 2853 Ecclesiam,
543 2781 677 2842 mirifica
691 2782 886 2844 iucunditate
901 2802 937 2843 ac
950 2783 1216 2843 laetitiarecrea-

252 2893 335 2935 mur.
351 2877 434 2941 Quae
455 2893 524 2933 cnm
545 2873 593 2934 ita
614 2875 687 2945 sint,
705 2875 769 2933 noli
790 2877 826 2934 D.
842 2871 880 2934 F.
896 2876 936 2936 N.
954 2875 993 2933 ob
1015 2893 1084 2946 eas,
1104 2873 1215 2949 quibus
1298 2935 1299 2940 ,

252 2969 418 3040 iactamur,
438 2967 635 3026 calamitates
657 2985 751 3042 supra
777 2969 901 3026 modum
924 2967 1060 3027 tristari.
1082 2967 1215 3042 Magnae

252 3061 310 3120 hae
332 3060 456 3136 quidem
479 3061 564 3130 sunt,
585 3062 637 3118 sed
659 3077 773 3136 magna
794 3061 888 3119 simul
909 3061 1033 3134 eaedem
1054 3077 1125 3118 cum
1148 3061 1216 3118 ani-

250 3153 295 3212 mi
316 3151 417 3210 nostri
439 3151 635 3210 iucunditate
650 3152 844 3213 coniunctae.
862 3153 942 3218 Quin
966 3153 1070 3229 potius
1091 3153 1214 3228 gratias
1298 3163 1299 3210 ἕ

250 3262 307 3321 age
323 3246 360 3303 D.
375 3245 414 3305 N.
429 3245 454 3303 I.
469 3243 608 3316 Christo,
620 3246 700 3320 qnod
716 3245 827 3322 dignos
840 3247 904 3306 Nos
919 3263 1039 3322 quoque
1053 3245 1213 3318 habuerit,

251 3337 304 3413 qui
327 3335 499 3409 vobiscum,
514 3338 551 3395 ad
565 3337 725 3398 Ecclesiae
740 3339 872 3415 gloriam
888 3339 1074 3416 augendam,
1090 3357 1147 3415 pro
1163 3357 1216 3398 no·
1298 3389 1299 3400 2

251 3429 334 3489 mine
355 3429 421 3488 eius
444 3429 665 3490 contumeliam
696 3436 887 3507 pateremur.
916 3437 944 3492 A
964 3451 1024 3508 quc
1046 3449 1116 3490 cum
1145 3450 1216 3508 pro-
1298 3461 1299 3464 ¹

251 3523 379 3583 missum
401 3523 580 3595 habeamus,
597 3540 629 3582 se
650 3541 746 3600 usque
768 3525 806 3584 ad
828 3525 1126 3585 consummationem
1148 3543 1216 3585 sae·
1298 3511 1299 3552 ³
