<?xml version="1.0" encoding="UTF-8"?>
<!DOCTYPE html PUBLIC "-//W3C//DTD XHTML 1.0 Transitional//EN"
    "http://www.w3.org/TR/xhtml1/DTD/xhtml1-transitional.dtd">
<html xmlns="http://www.w3.org/1999/xhtml" xml:lang="en" lang="en">
 <head>
  <title>
</title>
<meta http-equiv="Content-Type" content="text/html;charset=utf-8" />
  <meta name='ocr-system' content='tesseract 3.04.00' />
  <meta name='ocr-capabilities' content='ocr_page ocr_carea ocr_par ocr_line ocrx_word'/>
</head>
<body>
  <div class='ocr_page' id='page_1' title='image "./piivipontmaxact02piusgoog_0226.png"; bbox 0 0 2624 4260; ppageno 0'>
   <div class='ocr_carea' id='block_1_1' title="bbox 667 207 844 266">
    <p class='ocr_par' dir='ltr' id='par_1_1' title="bbox 667 207 844 266">
     <span class='ocr_line' id='line_1_1' title="bbox 667 207 844 266; baseline 0 0"><span class='ocrx_word' id='word_1_1' title='bbox 667 207 844 266; x_wconf 78' lang='lat'>-214-</span> 
     </span>
    </p>
   </div>
   <div class='ocr_carea' id='block_1_2' title="bbox 276 313 1297 3571">
    <p class='ocr_par' dir='ltr' id='par_1_2' title="bbox 276 313 1297 3571">
     <span class='ocr_line' id='line_1_2' title="bbox 276 313 1238 392; baseline -0.002 -18"><span class='ocrx_word' id='word_1_2' title='bbox 276 313 528 388; x_wconf 83' lang='lat' dir='ltr'>cumvenientes,</span> <span class='ocrx_word' id='word_1_3' title='bbox 550 314 622 374; x_wconf 88' lang='lat' dir='ltr'>Tibi</span> <span class='ocrx_word' id='word_1_4' title='bbox 647 313 780 376; x_wconf 82' lang='lat' dir='ltr'>alteram</span> <span class='ocrx_word' id='word_1_5' title='bbox 807 317 1032 392; x_wconf 85' lang='lat' dir='ltr'>suggesserunt</span> <span class='ocrx_word' id='word_1_6' title='bbox 1052 313 1238 374; x_wconf 86' lang='lat' dir='ltr'>instructio·</span> 
     </span>
     <span class='ocr_line' id='line_1_3' title="bbox 276 408 1239 484; baseline 0 -18"><span class='ocrx_word' id='word_1_7' title='bbox 276 423 357 479; x_wconf 91' lang='lat' dir='ltr'>nem,</span> <span class='ocrx_word' id='word_1_8' title='bbox 370 425 431 484; x_wconf 88' lang='lat' dir='ltr'>qua</span> <span class='ocrx_word' id='word_1_9' title='bbox 452 412 609 484; x_wconf 88' lang='lat' dir='ltr'>tamqnam</span> <span class='ocrx_word' id='word_1_10' title='bbox 624 408 735 484; x_wconf 78' lang='lat' dir='ltr'>clypeo</span> <span class='ocrx_word' id='word_1_11' title='bbox 759 412 925 468; x_wconf 88' lang='lat' dir='ltr'>uterentur</span> <span class='ocrx_word' id='word_1_12' title='bbox 938 409 1089 468; x_wconf 85' lang='lat' dir='ltr'>adversus</span> <span class='ocrx_word' id='word_1_13' title='bbox 1111 423 1239 466; x_wconf 70' lang='lat' dir='ltr'>accuser¹</span> 
     </span>
     <span class='ocr_line' id='line_1_4' title="bbox 277 501 1239 577; baseline -0.002 -17"><span class='ocrx_word' id='word_1_14' title='bbox 277 501 400 572; x_wconf 87' lang='lat' dir='ltr'>tiones,</span> <span class='ocrx_word' id='word_1_15' title='bbox 423 517 499 577; x_wconf 80' lang='lat' dir='ltr'>quas</span> <span class='ocrx_word' id='word_1_16' title='bbox 520 501 558 560; x_wconf 92' lang='lat' dir='ltr'>ab</span> <span class='ocrx_word' id='word_1_17' title='bbox 580 501 722 560; x_wconf 88' lang='lat' dir='ltr'>omnibus</span> <span class='ocrx_word' id='word_1_18' title='bbox 750 501 838 561; x_wconf 83' lang='lat' dir='ltr'>bonis</span> <span class='ocrx_word' id='word_1_19' title='bbox 860 501 918 561; x_wconf 88' lang='lat' dir='ltr'>sibi</span> <span class='ocrx_word' id='word_1_20' title='bbox 940 517 1006 561; x_wconf 86' lang='lat' dir='ltr'>esse</span> <span class='ocrx_word' id='word_1_21' title='bbox 1033 501 1239 560; x_wconf 81' lang='lat' dir='ltr'>intentandae</span> 
     </span>
     <span class='ocr_line' id='line_1_5' title="bbox 277 592 1238 670; baseline 0 -18"><span class='ocrx_word' id='word_1_22' title='bbox 277 613 336 652; x_wconf 91' lang='lat' dir='ltr'>non</span> <span class='ocrx_word' id='word_1_23' title='bbox 365 594 431 653; x_wconf 86' lang='lat' dir='ltr'>sine</span> <span class='ocrx_word' id='word_1_24' title='bbox 459 593 660 653; x_wconf 85' lang='lat' dir='ltr'>fundamento</span> <span class='ocrx_word' id='word_1_25' title='bbox 687 596 879 655; x_wconf 73' lang='lat' dir='ltr'><strong>metuebant.</strong></span> <span class='ocrx_word' id='word_1_26' title='bbox 907 594 1064 655; x_wconf 76' lang='lat' dir='ltr'>schedula</span> <span class='ocrx_word' id='word_1_27' title='bbox 1084 592 1238 670; x_wconf 85' lang='lat' dir='ltr'>praefecti</span> 
     </span>
     <span class='ocr_line' id='line_1_6' title="bbox 277 687 1239 765; baseline -0.002 -18"><span class='ocrx_word' id='word_1_28' title='bbox 277 687 452 764; x_wconf 83' lang='lat' dir='ltr'>studiorum</span> <span class='ocrx_word' id='word_1_29' title='bbox 475 706 536 765; x_wconf 90' lang='lat' dir='ltr'>qua</span> <span class='ocrx_word' id='word_1_30' title='bbox 556 691 765 765; x_wconf 65' lang='lat' dir='ltr'>protestatur,</span> <span class='ocrx_word' id='word_1_31' title='bbox 787 708 806 748; x_wconf 87' lang='lat' dir='ltr'>a</span> <span class='ocrx_word' id='word_1_32' title='bbox 827 688 1052 765; x_wconf 77' lang='lat' dir='ltr'>professoribus</span> <span class='ocrx_word' id='word_1_33' title='bbox 1071 705 1132 746; x_wconf 90' lang='lat' dir='ltr'>non</span> <span class='ocrx_word' id='word_1_34' title='bbox 1150 703 1239 764; x_wconf 89' lang='lat' dir='ltr'>prae·</span> 
     </span>
     <span class='ocr_line' id='line_1_7' title="bbox 277 781 1238 855; baseline -0.002 -14"><span class='ocrx_word' id='word_1_35' title='bbox 277 782 388 842; x_wconf 83' lang='lat' dir='ltr'>stitum</span> <span class='ocrx_word' id='word_1_36' title='bbox 409 781 506 842; x_wconf 82' lang='lat' dir='ltr'>fuisse</span> <span class='ocrx_word' id='word_1_37' title='bbox 527 782 749 855; x_wconf 89' lang='lat' dir='ltr'>iuramentum,</span> <span class='ocrx_word' id='word_1_38' title='bbox 773 782 833 842; x_wconf 88' lang='lat' dir='ltr'>nisi</span> <span class='ocrx_word' id='word_1_39' title='bbox 855 783 989 844; x_wconf 77' lang='lat' dir='ltr'>relative</span> <span class='ocrx_word' id='word_1_40' title='bbox 1010 782 1047 842; x_wconf 87' lang='lat' dir='ltr'>ad</span> <span class='ocrx_word' id='word_1_41' title='bbox 1070 783 1238 840; x_wconf 80' lang='lat' dir='ltr'>secundam</span> 
     </span>
     <span class='ocr_line' id='line_1_8' title="bbox 278 875 1238 954; baseline -0.002 -18"><span class='ocrx_word' id='word_1_42' title='bbox 278 882 364 936; x_wconf 84' lang='lat' dir='ltr'>tuam</span> <span class='ocrx_word' id='word_1_43' title='bbox 386 876 637 949; x_wconf 88' lang='lat' dir='ltr'>instructionem,</span> <span class='ocrx_word' id='word_1_44' title='bbox 657 881 689 937; x_wconf 85' lang='lat' dir='ltr'>et</span> <span class='ocrx_word' id='word_1_45' title='bbox 709 893 770 954; x_wconf 91' lang='lat' dir='ltr'>qua</span> <span class='ocrx_word' id='word_1_46' title='bbox 791 879 873 954; x_wconf 89' lang='lat' dir='ltr'>petit</span> <span class='ocrx_word' id='word_1_47' title='bbox 894 882 940 948; x_wconf 87' lang='lat' dir='ltr'>ut,</span> <span class='ocrx_word' id='word_1_48' title='bbox 957 879 994 937; x_wconf 91' lang='lat' dir='ltr'>ad</span> <span class='ocrx_word' id='word_1_49' title='bbox 1016 875 1176 953; x_wconf 89' lang='lat' dir='ltr'>publicam</span> <span class='ocrx_word' id='word_1_50' title='bbox 1191 891 1238 934; x_wconf 92' lang='lat' dir='ltr'>eo·</span> 
     </span>
     <span class='ocr_line' id='line_1_9' title="bbox 277 959 1239 1046; baseline -0.002 -17"><span class='ocrx_word' id='word_1_51' title='bbox 277 973 406 1030; x_wconf 90' lang='lat' dir='ltr'>rundem</span> <span class='ocrx_word' id='word_1_52' title='bbox 428 969 540 1046; x_wconf 87' lang='lat' dir='ltr'>agendi</span> <span class='ocrx_word' id='word_1_53' title='bbox 568 970 713 1030; x_wconf 82' lang='lat' dir='ltr'>rationis</span> <span class='ocrx_word' id='word_1_54' title='bbox 728 970 1000 1041; x_wconf 81' lang='lat' dir='ltr'>iustificationem,</span> <span class='ocrx_word' id='word_1_55' title='bbox 1024 959 1239 1028; x_wconf 70' lang='lat' dir='ltr'>eadem³eclre=</span> 
     </span>
     <span class='ocr_line' id='line_1_10' title="bbox 279 1063 1239 1141; baseline -0.002 -17"><span class='ocrx_word' id='word_1_56' title='bbox 279 1064 352 1125; x_wconf 89' lang='lat' dir='ltr'>dnla</span> <span class='ocrx_word' id='word_1_57' title='bbox 366 1065 504 1141; x_wconf 86' lang='lat' dir='ltr'>registro</span> <span class='ocrx_word' id='word_1_58' title='bbox 519 1068 592 1124; x_wconf 87' lang='lat' dir='ltr'>tuae</span> <span class='ocrx_word' id='word_1_59' title='bbox 614 1065 812 1124; x_wconf 70' lang='lat' dir='ltr'>secretariae</span> <span class='ocrx_word' id='word_1_60' title='bbox 827 1063 997 1138; x_wconf 88' lang='lat' dir='ltr'>inseratur,</span> <span class='ocrx_word' id='word_1_61' title='bbox 1016 1063 1109 1123; x_wconf 91' lang='lat' dir='ltr'>huius</span> <span class='ocrx_word' id='word_1_62' title='bbox 1125 1065 1172 1122; x_wconf 84' lang='lat' dir='ltr'>Te</span> <span class='ocrx_word' id='word_1_63' title='bbox 1187 1081 1239 1122; x_wconf 86' lang='lat' dir='ltr'>ve-</span> 
     </span>
     <span class='ocr_line' id='line_1_11' title="bbox 278 1157 1238 1235; baseline -0.002 -17"><span class='ocrx_word' id='word_1_64' title='bbox 278 1158 386 1218; x_wconf 85' lang='lat' dir='ltr'>ritatis</span> <span class='ocrx_word' id='word_1_65' title='bbox 406 1157 589 1217; x_wconf 89' lang='lat' dir='ltr'>convincere</span> <span class='ocrx_word' id='word_1_66' title='bbox 611 1158 712 1218; x_wconf 90' lang='lat' dir='ltr'>debet.</span> <span class='ocrx_word' id='word_1_67' title='bbox 735 1161 799 1219; x_wconf 85' lang='lat' dir='ltr'>Nos</span> <span class='ocrx_word' id='word_1_68' title='bbox 819 1158 925 1235; x_wconf 90' lang='lat' dir='ltr'>itaque</span> <span class='ocrx_word' id='word_1_69' title='bbox 946 1175 1016 1216; x_wconf 89' lang='lat' dir='ltr'>cum</span> <span class='ocrx_word' id='word_1_70' title='bbox 1037 1157 1238 1216; x_wconf 83' lang='lat' dir='ltr'>acerbissimo</span> 
     </span>
     <span class='ocr_line' id='line_1_12' title="bbox 277 1251 1238 1328; baseline -0.002 -16"><span class='ocrx_word' id='word_1_71' title='bbox 277 1251 375 1312; x_wconf 89' lang='lat' dir='ltr'>animi</span> <span class='ocrx_word' id='word_1_72' title='bbox 391 1251 491 1311; x_wconf 87' lang='lat' dir='ltr'>nostri</span> <span class='ocrx_word' id='word_1_73' title='bbox 513 1253 619 1312; x_wconf 92' lang='lat' dir='ltr'>dolore</span> <span class='ocrx_word' id='word_1_74' title='bbox 641 1270 771 1312; x_wconf 86' lang='lat' dir='ltr'>cernere</span> <span class='ocrx_word' id='word_1_75' title='bbox 785 1251 1045 1328; x_wconf 78' lang='lat' dir='ltr'>constringimur,</span> <span class='ocrx_word' id='word_1_76' title='bbox 1061 1254 1157 1327; x_wconf 91' lang='lat' dir='ltr'>quod,</span> <span class='ocrx_word' id='word_1_77' title='bbox 1174 1256 1238 1310; x_wconf 92' lang='lat' dir='ltr'>tum</span> 
     </span>
     <span class='ocr_line' id='line_1_13' title="bbox 278 1345 1240 1430; baseline -0.001 -25"><span class='ocrx_word' id='word_1_78' title='bbox 278 1347 310 1405; x_wconf 91' lang='lat' dir='ltr'>in</span> <span class='ocrx_word' id='word_1_79' title='bbox 333 1349 383 1406; x_wconf 86' lang='lat' dir='ltr'>tot</span> <span class='ocrx_word' id='word_1_80' title='bbox 403 1346 511 1406; x_wconf 90' lang='lat' dir='ltr'>mundi</span> <span class='ocrx_word' id='word_1_81' title='bbox 533 1345 688 1408; x_wconf 82' lang='lat' dir='ltr'>Catholici</span> <span class='ocrx_word' id='word_1_82' title='bbox 710 1345 852 1423; x_wconf 88' lang='lat' dir='ltr'>partibus</span> <span class='ocrx_word' id='word_1_83' title='bbox 873 1350 1064 1422; x_wconf 87' lang='lat' dir='ltr'>acceptatae,</span> <span class='ocrx_word' id='word_1_84' title='bbox 1088 1363 1126 1404; x_wconf 89' lang='lat' dir='ltr'>ac</span> <span class='ocrx_word' id='word_1_85' title='bbox 1148 1364 1240 1430; x_wconf 84' lang='lat' dir='ltr'>vene-</span> 
     </span>
     <span class='ocr_line' id='line_1_14' title="bbox 279 1438 1296 1515; baseline -0.002 -16"><span class='ocrx_word' id='word_1_86' title='bbox 279 1439 395 1499; x_wconf 87' lang='lat' dir='ltr'>rationi</span> <span class='ocrx_word' id='word_1_87' title='bbox 418 1439 543 1498; x_wconf 87' lang='lat' dir='ltr'>habitae</span> <span class='ocrx_word' id='word_1_88' title='bbox 564 1439 684 1498; x_wconf 86' lang='lat' dir='ltr'>fuerint</span> <span class='ocrx_word' id='word_1_89' title='bbox 697 1441 823 1500; x_wconf 87' lang='lat' dir='ltr'>nostrae</span> <span class='ocrx_word' id='word_1_90' title='bbox 842 1441 879 1498; x_wconf 90' lang='lat' dir='ltr'>de</span> <span class='ocrx_word' id='word_1_91' title='bbox 894 1438 1062 1498; x_wconf 87' lang='lat' dir='ltr'>iuramenti</span> <span class='ocrx_word' id='word_1_92' title='bbox 1079 1438 1241 1515; x_wconf 81' lang='lat' dir='ltr'>pravitate</span> <span class='ocrx_word' id='word_1_93' title='bbox 1295 1483 1296 1486; x_wconf 63' lang='lat'>,</span> 
     </span>
     <span class='ocr_line' id='line_1_15' title="bbox 279 1523 1296 1608; baseline -0.001 -17"><span class='ocrx_word' id='word_1_94' title='bbox 279 1533 467 1605; x_wconf 84' lang='lat' dir='ltr'>decisiones,</span> <span class='ocrx_word' id='word_1_95' title='bbox 491 1551 571 1592; x_wconf 90' lang='lat' dir='ltr'>nunc</span> <span class='ocrx_word' id='word_1_96' title='bbox 600 1535 633 1592; x_wconf 95' lang='lat' dir='ltr'>vi</span> <span class='ocrx_word' id='word_1_97' title='bbox 655 1551 752 1594; x_wconf 88' lang='lat' dir='ltr'>novae</span> <span class='ocrx_word' id='word_1_98' title='bbox 781 1537 853 1592; x_wconf 90' lang='lat' dir='ltr'>tuae</span> <span class='ocrx_word' id='word_1_99' title='bbox 881 1531 1123 1604; x_wconf 79' lang='lat' dir='ltr'>instructionis,</span> <span class='ocrx_word' id='word_1_100' title='bbox 1146 1535 1241 1608; x_wconf 89' lang='lat' dir='ltr'>atque</span> <span class='ocrx_word' id='word_1_101' title='bbox 1295 1523 1296 1526; x_wconf 51' lang='lat'>&#39;</span> 
     </span>
     <span class='ocr_line' id='line_1_16' title="bbox 280 1625 1240 1704; baseline -0.003 -18"><span class='ocrx_word' id='word_1_102' title='bbox 280 1630 429 1704; x_wconf 84' lang='lat' dir='ltr'>operante</span> <span class='ocrx_word' id='word_1_103' title='bbox 451 1626 584 1686; x_wconf 88' lang='lat' dir='ltr'>Romani</span> <span class='ocrx_word' id='word_1_104' title='bbox 605 1626 738 1703; x_wconf 72' lang='lat' dir='ltr'>collegii</span> <span class='ocrx_word' id='word_1_105' title='bbox 760 1629 793 1684; x_wconf 90' lang='lat' dir='ltr'>et</span> <span class='ocrx_word' id='word_1_106' title='bbox 814 1625 1006 1702; x_wconf 80' lang='lat' dir='ltr'>Sapientiae</span> <span class='ocrx_word' id='word_1_107' title='bbox 1026 1625 1240 1701; x_wconf 83' lang='lat' dir='ltr'>professorum</span> 
     </span>
     <span class='ocr_line' id='line_1_17' title="bbox 279 1719 1242 1797; baseline -0.002 -17"><span class='ocrx_word' id='word_1_108' title='bbox 279 1721 435 1797; x_wconf 82' lang='lat' dir='ltr'>exemplo,</span> <span class='ocrx_word' id='word_1_109' title='bbox 461 1719 558 1779; x_wconf 91' lang='lat' dir='ltr'>visum</span> <span class='ocrx_word' id='word_1_110' title='bbox 580 1721 680 1780; x_wconf 89' lang='lat' dir='ltr'>fuerit</span> <span class='ocrx_word' id='word_1_111' title='bbox 700 1723 844 1793; x_wconf 84' lang='lat' dir='ltr'>Romam,</span> <span class='ocrx_word' id='word_1_112' title='bbox 866 1724 961 1780; x_wconf 87' lang='lat' dir='ltr'>antea</span> <span class='ocrx_word' id='word_1_113' title='bbox 981 1719 1169 1795; x_wconf 86' lang='lat' dir='ltr'>magistram</span> <span class='ocrx_word' id='word_1_114' title='bbox 1194 1737 1242 1778; x_wconf 88' lang='lat' dir='ltr'>ve-</span> 
     </span>
     <span class='ocr_line' id='line_1_18' title="bbox 279 1811 1241 1891; baseline 0 -19"><span class='ocrx_word' id='word_1_115' title='bbox 279 1814 399 1884; x_wconf 86' lang='lat' dir='ltr'>ritatis,</span> <span class='ocrx_word' id='word_1_116' title='bbox 422 1811 535 1872; x_wconf 83' lang='lat' dir='ltr'>factam</span> <span class='ocrx_word' id='word_1_117' title='bbox 558 1813 653 1874; x_wconf 85' lang='lat' dir='ltr'>fnisse</span> <span class='ocrx_word' id='word_1_118' title='bbox 675 1814 860 1891; x_wconf 81' lang='lat' dir='ltr'>magistram</span> <span class='ocrx_word' id='word_1_119' title='bbox 885 1813 1016 1874; x_wconf 88' lang='lat' dir='ltr'>erroris.</span> <span class='ocrx_word' id='word_1_120' title='bbox 1032 1813 1136 1884; x_wconf 83' lang='lat' dir='ltr'>Absit,</span> <span class='ocrx_word' id='word_1_121' title='bbox 1156 1815 1194 1870; x_wconf 88' lang='lat' dir='ltr'>nt</span> <span class='ocrx_word' id='word_1_122' title='bbox 1213 1811 1241 1872; x_wconf 88' lang='lat' dir='ltr'>id</span> 
     </span>
     <span class='ocr_line' id='line_1_19' title="bbox 280 1905 1243 1984; baseline 0 -20"><span class='ocrx_word' id='word_1_123' title='bbox 280 1907 380 1983; x_wconf 88' lang='lat' dir='ltr'>ipsum</span> <span class='ocrx_word' id='word_1_124' title='bbox 402 1908 520 1967; x_wconf 89' lang='lat' dir='ltr'>Nostro</span> <span class='ocrx_word' id='word_1_125' title='bbox 541 1907 668 1967; x_wconf 89' lang='lat' dir='ltr'>silentio</span> <span class='ocrx_word' id='word_1_126' title='bbox 696 1907 891 1984; x_wconf 89' lang='lat' dir='ltr'>comprobari</span> <span class='ocrx_word' id='word_1_127' title='bbox 912 1907 1031 1966; x_wconf 86' lang='lat' dir='ltr'>valeat.</span> <span class='ocrx_word' id='word_1_128' title='bbox 1055 1908 1121 1967; x_wconf 92' lang='lat' dir='ltr'>Nos</span> <span class='ocrx_word' id='word_1_129' title='bbox 1142 1905 1243 1983; x_wconf 88' lang='lat' dir='ltr'>igitur</span> 
     </span>
     <span class='ocr_line' id='line_1_20' title="bbox 280 1999 1243 2076; baseline -0.001 -19"><span class='ocrx_word' id='word_1_130' title='bbox 280 2000 341 2071; x_wconf 85' lang='lat' dir='ltr'>Te,</span> <span class='ocrx_word' id='word_1_131' title='bbox 364 2003 514 2076; x_wconf 88' lang='lat' dir='ltr'>quantum</span> <span class='ocrx_word' id='word_1_132' title='bbox 544 1999 621 2060; x_wconf 86' lang='lat' dir='ltr'>sinit</span> <span class='ocrx_word' id='word_1_133' title='bbox 648 2000 774 2061; x_wconf 88' lang='lat' dir='ltr'>infirma</span> <span class='ocrx_word' id='word_1_134' title='bbox 800 2002 920 2062; x_wconf 85' lang='lat' dir='ltr'>Nostra</span> <span class='ocrx_word' id='word_1_135' title='bbox 940 2000 1109 2070; x_wconf 88' lang='lat' dir='ltr'>valetudo,</span> <span class='ocrx_word' id='word_1_136' title='bbox 1132 1999 1243 2058; x_wconf 88' lang='lat' dir='ltr'>incun-</span> 
     </span>
     <span class='ocr_line' id='line_1_21' title="bbox 280 2093 1297 2178; baseline -0.002 -26"><span class='ocrx_word' id='word_1_137' title='bbox 280 2095 406 2152; x_wconf 88' lang='lat' dir='ltr'>ctanter</span> <span class='ocrx_word' id='word_1_138' title='bbox 426 2095 638 2166; x_wconf 89' lang='lat' dir='ltr'>admonemus,</span> <span class='ocrx_word' id='word_1_139' title='bbox 662 2097 699 2152; x_wconf 92' lang='lat' dir='ltr'>nt</span> <span class='ocrx_word' id='word_1_140' title='bbox 719 2093 834 2152; x_wconf 89' lang='lat' dir='ltr'>editam</span> <span class='ocrx_word' id='word_1_141' title='bbox 848 2111 867 2152; x_wconf 87' lang='lat' dir='ltr'>a</span> <span class='ocrx_word' id='word_1_142' title='bbox 880 2094 923 2152; x_wconf 89' lang='lat' dir='ltr'>Te</span> <span class='ocrx_word' id='word_1_143' title='bbox 939 2093 1103 2151; x_wconf 87' lang='lat' dir='ltr'>secundam</span> <span class='ocrx_word' id='word_1_144' title='bbox 1125 2093 1243 2152; x_wconf 85' lang='lat' dir='ltr'>instru—</span> <span class='ocrx_word' id='word_1_145' title='bbox 1296 2163 1297 2178; x_wconf 11' lang='grc' dir='ltr'>χ</span> 
     </span>
     <span class='ocr_line' id='line_1_22' title="bbox 280 2179 1297 2262; baseline 0 -18"><span class='ocrx_word' id='word_1_146' title='bbox 280 2186 416 2246; x_wconf 89' lang='lat' dir='ltr'>ctionem</span> <span class='ocrx_word' id='word_1_147' title='bbox 437 2186 501 2246; x_wconf 91' lang='lat' dir='ltr'>cito</span> <span class='ocrx_word' id='word_1_148' title='bbox 523 2204 659 2258; x_wconf 89' lang='lat' dir='ltr'>revoces,</span> <span class='ocrx_word' id='word_1_149' title='bbox 675 2189 885 2262; x_wconf 87' lang='lat' dir='ltr'>Nostrumque</span> <span class='ocrx_word' id='word_1_150' title='bbox 902 2187 940 2246; x_wconf 88' lang='lat'>16</span> <span class='ocrx_word' id='word_1_151' title='bbox 954 2184 1068 2244; x_wconf 88' lang='lat' dir='ltr'>mensis</span> <span class='ocrx_word' id='word_1_152' title='bbox 1083 2185 1243 2245; x_wconf 83' lang='lat' dir='ltr'>currentis</span> <span class='ocrx_word' id='word_1_153' title='bbox 1296 2179 1297 2208; x_wconf 57' lang='lat'>¹</span> 
     </span>
     <span class='ocr_line' id='line_1_23' title="bbox 280 2280 1245 2357; baseline -0.002 -19"><span class='ocrx_word' id='word_1_154' title='bbox 280 2280 382 2338; x_wconf 86' lang='lat' dir='ltr'>Breve</span> <span class='ocrx_word' id='word_1_155' title='bbox 411 2281 547 2351; x_wconf 88' lang='lat' dir='ltr'>indices,</span> <span class='ocrx_word' id='word_1_156' title='bbox 569 2299 629 2356; x_wconf 91' lang='lat' dir='ltr'>qno</span> <span class='ocrx_word' id='word_1_157' title='bbox 658 2281 761 2357; x_wconf 88' lang='lat' dir='ltr'>palam</span> <span class='ocrx_word' id='word_1_158' title='bbox 790 2281 932 2341; x_wconf 87' lang='lat' dir='ltr'>omnibus</span> <span class='ocrx_word' id='word_1_159' title='bbox 959 2281 1016 2340; x_wconf 87' lang='lat' dir='ltr'>fiat</span> <span class='ocrx_word' id='word_1_160' title='bbox 1042 2281 1150 2356; x_wconf 90' lang='lat' dir='ltr'>qualia</span> <span class='ocrx_word' id='word_1_161' title='bbox 1172 2280 1245 2338; x_wconf 90' lang='lat' dir='ltr'>sunt</span> 
     </span>
     <span class='ocr_line' id='line_1_24' title="bbox 282 2372 1243 2451; baseline 0 -21"><span class='ocrx_word' id='word_1_162' title='bbox 282 2372 423 2449; x_wconf 85' lang='lat' dir='ltr'>praecisa</span> <span class='ocrx_word' id='word_1_163' title='bbox 436 2374 554 2433; x_wconf 84' lang='lat' dir='ltr'>Nostra</span> <span class='ocrx_word' id='word_1_164' title='bbox 574 2375 611 2432; x_wconf 90' lang='lat' dir='ltr'>de</span> <span class='ocrx_word' id='word_1_165' title='bbox 632 2377 744 2434; x_wconf 85' lang='lat' dir='ltr'>exacto</span> <span class='ocrx_word' id='word_1_166' title='bbox 760 2375 935 2435; x_wconf 88' lang='lat' dir='ltr'>iuramento</span> <span class='ocrx_word' id='word_1_167' title='bbox 949 2393 1049 2446; x_wconf 83' lang='lat' dir='ltr'>sensa3</span> <span class='ocrx_word' id='word_1_168' title='bbox 1066 2377 1175 2451; x_wconf 87' lang='lat' dir='ltr'>Teque</span> <span class='ocrx_word' id='word_1_169' title='bbox 1190 2387 1243 2449; x_wconf 91' lang='lat' dir='ltr'>per</span> 
     </span>
     <span class='ocr_line' id='line_1_25' title="bbox 281 2467 1247 2544; baseline 0.001 -18"><span class='ocrx_word' id='word_1_170' title='bbox 281 2467 405 2527; x_wconf 86' lang='lat' dir='ltr'>viscera</span> <span class='ocrx_word' id='word_1_171' title='bbox 418 2470 454 2528; x_wconf 88' lang='lat' dir='ltr'>D.</span> <span class='ocrx_word' id='word_1_172' title='bbox 470 2469 511 2528; x_wconf 84' lang='lat' dir='ltr'>N.</span> <span class='ocrx_word' id='word_1_173' title='bbox 528 2469 552 2527; x_wconf 93' lang='lat' dir='ltr'>l.</span> <span class='ocrx_word' id='word_1_174' title='bbox 567 2469 601 2528; x_wconf 80' lang='grc' dir='ltr'>Ο.</span> <span class='ocrx_word' id='word_1_175' title='bbox 618 2471 838 2543; x_wconf 85' lang='lat' dir='ltr'>exhortamur,</span> <span class='ocrx_word' id='word_1_176' title='bbox 854 2475 892 2530; x_wconf 91' lang='lat' dir='ltr'>ut</span> <span class='ocrx_word' id='word_1_177' title='bbox 905 2470 988 2528; x_wconf 88' lang='lat' dir='ltr'>omni</span> <span class='ocrx_word' id='word_1_178' title='bbox 1005 2473 1059 2529; x_wconf 89' lang='lat' dir='ltr'>tna</span> <span class='ocrx_word' id='word_1_179' title='bbox 1074 2469 1179 2529; x_wconf 84' lang='lat' dir='ltr'>utaris</span> <span class='ocrx_word' id='word_1_180' title='bbox 1192 2487 1247 2544; x_wconf 53' lang='lat' dir='ltr'>pa*</span> 
     </span>
     <span class='ocr_line' id='line_1_26' title="bbox 282 2559 1297 2638; baseline 0.002 -20"><span class='ocrx_word' id='word_1_181' title='bbox 282 2559 397 2620; x_wconf 89' lang='lat' dir='ltr'>tientia</span> <span class='ocrx_word' id='word_1_182' title='bbox 425 2564 518 2636; x_wconf 87' lang='lat' dir='ltr'>atque</span> <span class='ocrx_word' id='word_1_183' title='bbox 547 2562 710 2636; x_wconf 91' lang='lat' dir='ltr'>doctrina,</span> <span class='ocrx_word' id='word_1_184' title='bbox 734 2568 800 2622; x_wconf 90' lang='lat' dir='ltr'>tum</span> <span class='ocrx_word' id='word_1_185' title='bbox 830 2567 867 2624; x_wconf 92' lang='lat' dir='ltr'>ut</span> <span class='ocrx_word' id='word_1_186' title='bbox 887 2563 920 2621; x_wconf 90' lang='lat' dir='ltr'>in</span> <span class='ocrx_word' id='word_1_187' title='bbox 947 2567 1055 2624; x_wconf 77' lang='lat' dir='ltr'>sancto</span> <span class='ocrx_word' id='word_1_188' title='bbox 1082 2563 1244 2638; x_wconf 91' lang='lat' dir='ltr'>proposito</span> <span class='ocrx_word' id='word_1_189' title='bbox 1296 2619 1297 2638; x_wconf 64' lang='lat'>,</span> 
     </span>
     <span class='ocr_line' id='line_1_27' title="bbox 282 2653 1297 2732; baseline 0 -20"><span class='ocrx_word' id='word_1_190' title='bbox 282 2653 445 2714; x_wconf 86' lang='lat' dir='ltr'>confirmes</span> <span class='ocrx_word' id='word_1_191' title='bbox 466 2671 530 2727; x_wconf 91' lang='lat' dir='ltr'>eos,</span> <span class='ocrx_word' id='word_1_192' title='bbox 542 2654 595 2731; x_wconf 90' lang='lat' dir='ltr'>qni</span> <span class='ocrx_word' id='word_1_193' title='bbox 616 2673 686 2714; x_wconf 90' lang='lat' dir='ltr'>cnm</span> <span class='ocrx_word' id='word_1_194' title='bbox 701 2655 922 2732; x_wconf 84' lang='lat' dir='ltr'>cuiuscumque</span> <span class='ocrx_word' id='word_1_195' title='bbox 934 2655 1073 2715; x_wconf 85' lang='lat' dir='ltr'>iacturae</span> <span class='ocrx_word' id='word_1_196' title='bbox 1087 2655 1242 2732; x_wconf 90' lang='lat' dir='ltr'>periculo,</span> <span class='ocrx_word' id='word_1_197' title='bbox 1296 2661 1297 2704; x_wconf 70' lang='grc' dir='ltr'>ι</span> 
     </span>
     <span class='ocr_line' id='line_1_28' title="bbox 283 2747 1297 2826; baseline -0.001 -19"><span class='ocrx_word' id='word_1_198' title='bbox 283 2751 316 2807; x_wconf 89' lang='lat' dir='ltr'>et</span> <span class='ocrx_word' id='word_1_199' title='bbox 336 2765 396 2808; x_wconf 89' lang='lat' dir='ltr'>nou</span> <span class='ocrx_word' id='word_1_200' title='bbox 419 2748 485 2808; x_wconf 84' lang='lat' dir='ltr'>sine</span> <span class='ocrx_word' id='word_1_201' title='bbox 506 2747 643 2807; x_wconf 89' lang='lat' dir='ltr'>omnium</span> <span class='ocrx_word' id='word_1_202' title='bbox 665 2749 895 2822; x_wconf 82' lang='lat' dir='ltr'>aedificatione,</span> <span class='ocrx_word' id='word_1_203' title='bbox 917 2749 995 2808; x_wconf 91' lang='lat' dir='ltr'>illud</span> <span class='ocrx_word' id='word_1_204' title='bbox 1018 2754 1183 2826; x_wconf 88' lang='lat' dir='ltr'>praestare</span> <span class='ocrx_word' id='word_1_205' title='bbox 1198 2765 1246 2806; x_wconf 88' lang='lat' dir='ltr'>re·</span> <span class='ocrx_word' id='word_1_206' title='bbox 1296 2791 1297 2796; x_wconf 19' lang='grc' dir='ltr'>ι</span> 
     </span>
     <span class='ocr_line' id='line_1_29' title="bbox 284 2829 1297 2914; baseline 0 -15"><span class='ocrx_word' id='word_1_207' title='bbox 284 2844 431 2912; x_wconf 78' lang='lat' dir='ltr'>ruerunt,</span> <span class='ocrx_word' id='word_1_208' title='bbox 454 2846 521 2901; x_wconf 90' lang='lat' dir='ltr'>tum</span> <span class='ocrx_word' id='word_1_209' title='bbox 543 2846 579 2901; x_wconf 91' lang='lat' dir='ltr'>ut</span> <span class='ocrx_word' id='word_1_210' title='bbox 599 2842 739 2902; x_wconf 88' lang='lat' dir='ltr'>infirmos</span> <span class='ocrx_word' id='word_1_211' title='bbox 759 2841 925 2914; x_wconf 77' lang='lat' dir='ltr'>confortes,</span> <span class='ocrx_word' id='word_1_212' title='bbox 941 2848 975 2902; x_wconf 89' lang='lat' dir='ltr'>et</span> <span class='ocrx_word' id='word_1_213' title='bbox 988 2859 1007 2901; x_wconf 90' lang='lat' dir='ltr'>a</span> <span class='ocrx_word' id='word_1_214' title='bbox 1022 2843 1075 2902; x_wconf 90' lang='lat' dir='ltr'>via</span> <span class='ocrx_word' id='word_1_215' title='bbox 1095 2843 1245 2901; x_wconf 88' lang='lat' dir='ltr'>aberran·</span> <span class='ocrx_word' id='word_1_216' title='bbox 1296 2829 1297 2858; x_wconf 75' lang='lat'><em>³</em></span> 
     </span>
     <span class='ocr_line' id='line_1_30' title="bbox 283 2935 1244 3008; baseline -0.001 -15"><span class='ocrx_word' id='word_1_217' title='bbox 283 2938 331 2994; x_wconf 87' lang='lat' dir='ltr'>tes</span> <span class='ocrx_word' id='word_1_218' title='bbox 352 2937 491 3006; x_wconf 89' lang='lat' dir='ltr'>reducas,</span> <span class='ocrx_word' id='word_1_219' title='bbox 509 2953 567 2994; x_wconf 89' lang='lat' dir='ltr'>non</span> <span class='ocrx_word' id='word_1_220' title='bbox 590 2935 689 2994; x_wconf 90' lang='lat' dir='ltr'>solnm</span> <span class='ocrx_word' id='word_1_221' title='bbox 710 2936 903 2994; x_wconf 90' lang='lat' dir='ltr'>admonendo</span> <span class='ocrx_word' id='word_1_222' title='bbox 924 2953 987 3008; x_wconf 88' lang='lat' dir='ltr'>eos,</span> <span class='ocrx_word' id='word_1_223' title='bbox 1002 2939 1039 2995; x_wconf 90' lang='lat' dir='ltr'>ut</span> <span class='ocrx_word' id='word_1_224' title='bbox 1054 2954 1073 2994; x_wconf 87' lang='lat' dir='ltr'>a</span> <span class='ocrx_word' id='word_1_225' title='bbox 1086 2953 1122 2995; x_wconf 90' lang='lat' dir='ltr'>se</span> <span class='ocrx_word' id='word_1_226' title='bbox 1137 2938 1244 2996; x_wconf 90' lang='lat' dir='ltr'>datum</span> 
     </span>
     <span class='ocr_line' id='line_1_31' title="bbox 283 3028 1244 3106; baseline 0.003 -22"><span class='ocrx_word' id='word_1_227' title='bbox 283 3029 461 3087; x_wconf 86' lang='lat' dir='ltr'>scandalum</span> <span class='ocrx_word' id='word_1_228' title='bbox 483 3028 613 3087; x_wconf 87' lang='lat' dir='ltr'>solliciti</span> <span class='ocrx_word' id='word_1_229' title='bbox 642 3033 808 3105; x_wconf 85' lang='lat' dir='ltr'>reparent,</span> <span class='ocrx_word' id='word_1_230' title='bbox 832 3029 1002 3089; x_wconf 87' lang='lat' dir='ltr'>sedetiam</span> <span class='ocrx_word' id='word_1_231' title='bbox 1025 3030 1244 3106; x_wconf 88' lang='lat' dir='ltr'>praecipiendo</span> 
     </span>
     <span class='ocr_line' id='line_1_32' title="bbox 283 3119 1244 3198; baseline 0.002 -20"><span class='ocrx_word' id='word_1_232' title='bbox 283 3120 314 3178; x_wconf 90' lang='lat' dir='ltr'>in</span> <span class='ocrx_word' id='word_1_233' title='bbox 330 3119 452 3178; x_wconf 83' lang='lat' dir='ltr'>uirtute</span> <span class='ocrx_word' id='word_1_234' title='bbox 466 3123 592 3180; x_wconf 86' lang='lat' dir='ltr'>sanctae</span> <span class='ocrx_word' id='word_1_235' title='bbox 612 3121 819 3193; x_wconf 86' lang='lat' dir='ltr'>obedientiae,</span> <span class='ocrx_word' id='word_1_236' title='bbox 836 3139 914 3198; x_wconf 85' lang='lat' dir='ltr'>quae</span> <span class='ocrx_word' id='word_1_237' title='bbox 928 3121 1072 3198; x_wconf 84' lang='lat' dir='ltr'>legitimo</span> <span class='ocrx_word' id='word_1_238' title='bbox 1086 3123 1244 3184; x_wconf 82' lang='lat' dir='ltr'>Ecclesiae</span> 
     </span>
     <span class='ocr_line' id='line_1_33' title="bbox 282 3213 1246 3292; baseline 0.002 -18"><span class='ocrx_word' id='word_1_239' title='bbox 282 3213 407 3274; x_wconf 85' lang='lat' dir='ltr'>Pastori</span> <span class='ocrx_word' id='word_1_240' title='bbox 429 3213 571 3286; x_wconf 89' lang='lat' dir='ltr'>debetur,</span> <span class='ocrx_word' id='word_1_241' title='bbox 595 3218 630 3273; x_wconf 88' lang='lat' dir='ltr'>nt</span> <span class='ocrx_word' id='word_1_242' title='bbox 651 3232 669 3272; x_wconf 89' lang='lat' dir='ltr'>a</span> <span class='ocrx_word' id='word_1_243' title='bbox 689 3216 906 3292; x_wconf 88' lang='lat' dir='ltr'>qualicumque</span> <span class='ocrx_word' id='word_1_244' title='bbox 928 3215 1057 3292; x_wconf 88' lang='lat' dir='ltr'>scripto,</span> <span class='ocrx_word' id='word_1_245' title='bbox 1080 3217 1160 3291; x_wconf 90' lang='lat' dir='ltr'>quod</span> <span class='ocrx_word' id='word_1_246' title='bbox 1184 3218 1246 3276; x_wconf 93' lang='lat' dir='ltr'>No-</span> 
     </span>
     <span class='ocr_line' id='line_1_34' title="bbox 283 3305 1248 3381; baseline 0 -15"><span class='ocrx_word' id='word_1_247' title='bbox 283 3306 360 3366; x_wconf 84' lang='lat' dir='ltr'>atris</span> <span class='ocrx_word' id='word_1_248' title='bbox 387 3305 484 3364; x_wconf 85' lang='lat' dir='ltr'>inerit</span> <span class='ocrx_word' id='word_1_249' title='bbox 512 3309 705 3367; x_wconf 87' lang='lat' dir='ltr'>documentis</span> <span class='ocrx_word' id='word_1_250' title='bbox 737 3308 950 3381; x_wconf 87' lang='lat' dir='ltr'>contrarium,</span> <span class='ocrx_word' id='word_1_251' title='bbox 973 3309 1166 3369; x_wconf 87' lang='lat' dir='ltr'>abstineant.</span> <span class='ocrx_word' id='word_1_252' title='bbox 1185 3311 1248 3374; x_wconf 79' lang='lat' dir='ltr'>Qui</span> 
     </span>
     <span class='ocr_line' id='line_1_35' title="bbox 283 3398 1246 3478; baseline 0.002 -20"><span class='ocrx_word' id='word_1_253' title='bbox 283 3401 375 3458; x_wconf 77' lang='lat' dir='ltr'>uouit</span> <span class='ocrx_word' id='word_1_254' title='bbox 397 3398 509 3470; x_wconf 81' lang='lat' dir='ltr'>Deum,</span> <span class='ocrx_word' id='word_1_255' title='bbox 533 3399 629 3458; x_wconf 80' lang='lat' dir='ltr'>cudit</span> <span class='ocrx_word' id='word_1_256' title='bbox 651 3419 728 3471; x_wconf 70' lang='grc' dir='ltr'>ποις</span> <span class='ocrx_word' id='word_1_257' title='bbox 750 3404 809 3478; x_wconf 82' lang='lat' dir='ltr'>qui</span> <span class='ocrx_word' id='word_1_258' title='bbox 828 3419 895 3461; x_wconf 77' lang='lat' dir='ltr'>nort</span> <span class='ocrx_word' id='word_1_259' title='bbox 917 3410 964 3461; x_wconf 85' lang='lat' dir='ltr'>est</span> <span class='ocrx_word' id='word_1_260' title='bbox 990 3419 1032 3462; x_wconf 71' lang='lat' dir='ltr'>eu</span> <span class='ocrx_word' id='word_1_261' title='bbox 1061 3401 1149 3472; x_wconf 88' lang='lat' dir='ltr'>Deo,</span> <span class='ocrx_word' id='word_1_262' title='bbox 1179 3419 1246 3460; x_wconf 72' lang='lat' dir='ltr'>noa</span> 
     </span>
     <span class='ocr_line' id='line_1_36' title="bbox 285 3491 1246 3571; baseline 0.002 -19"><span class='ocrx_word' id='word_1_263' title='bbox 285 3491 381 3552; x_wconf 83' lang='lat' dir='ltr'>audit</span> <span class='ocrx_word' id='word_1_264' title='bbox 397 3508 466 3551; x_wconf 76' lang='lat' dir='ltr'>noa.</span> <span class='ocrx_word' id='word_1_265' title='bbox 483 3491 526 3551; x_wconf 79' lang='lat' dir='ltr'>Ia</span> <span class='ocrx_word' id='word_1_266' title='bbox 541 3491 598 3552; x_wconf 82' lang='lat' dir='ltr'>ltoc</span> <span class='ocrx_word' id='word_1_267' title='bbox 610 3496 828 3570; x_wconf 71' lang='lat' dir='ltr'>cognoscimus</span> <span class='ocrx_word' id='word_1_268' title='bbox 845 3493 1007 3571; x_wconf 80' lang='lat' dir='ltr'>Spiritum</span> <span class='ocrx_word' id='word_1_269' title='bbox 1028 3497 1196 3568; x_wconf 60' lang='lat' dir='ltr'>unitatis,</span> <span class='ocrx_word' id='word_1_270' title='bbox 1216 3501 1246 3554; x_wconf 83' lang='lat' dir='ltr'>et</span> 
     </span>
    </p>
   </div>
   <div class='ocr_carea' id='block_1_3' title="bbox 0 0 1327 4260">
    <p class='ocr_par' dir='ltr' id='par_1_3' title="bbox 0 0 1327 4260">
     <span class='ocr_line' id='line_1_37' title="bbox 0 0 1327 4260; baseline 0 0"><span class='ocrx_word' id='word_1_271' title='bbox 0 0 1327 4260; x_wconf 95' lang='lat' dir='ltr'> </span> 
     </span>
    </p>
   </div>
  </div>
 </body>
</html>
