2632 4262
277 390 355 434 nera
375 370 609 450 obrepentibus.
622 373 647 431 Ι.
660 372 731 432 238.
741 403 755 418 -
765 371 1008 432 Revocationem
1029 369 1249 432 Nannetcnsis

275 466 374 526 edicti
386 465 551 543 approbat,
564 468 597 524 et
611 467 722 526 contra
737 465 938 526 tolerantiam
954 465 1120 524 declamat.
1130 467 1157 524 I.
1169 464 1245 523 239.

276 561 422 620 -Auctor
446 561 496 618 est
519 559 712 620 damnandae
733 559 852 636 Synodi
874 558 1118 619 Ultraiectensis
1139 558 1175 616 in
1200 575 1250 616 co-

277 653 380 714 mitiis
402 651 502 728 cleri,
524 653 788 715 Ultraiectensem
809 652 982 714 Ecclesiam
1010 651 1249 712 schismaticam

277 747 441 820 declarat;
467 749 500 805 et
526 746 666 806 ostendit
693 747 774 807 bona
799 749 861 807 lieo
890 748 1072 806 consecrata
1099 744 1246 806 maxima

276 857 354 900 cura
368 860 385 902 a
399 841 484 900 clero
499 842 723 902 conservanda.
737 841 816 902 Ibid.
833 845 867 902 et
881 859 969 920 seq.-
980 843 1126 902 Mutatur
1141 843 1244 900 hono·
1265 859 1267 864 ¹

278 935 365 996 ribus
387 934 502 994 saeculi
527 934 661 1012 adeptis,
677 937 702 995 l.
717 935 788 996 240.
806 968 819 981 -
832 938 876 996 Eo
902 934 1053 1012 primario
1074 934 1242 1009 ministro,

276 1030 474 1090 Nannetense
486 1028 623 1089 edictum
637 1028 886 1107 redintegratur,
901 1032 934 1089 et
944 1031 1076 1106 paratur
1088 1047 1242 1106 praesens

276 1122 367 1200 regni
389 1122 512 1183 Galliae
534 1123 709 1184 subversio.
727 1124 751 1184 l.
766 1125 839 1196 241,
854 1125 926 1196 243,
940 1126 1011 1186 244.
1024 1155 1040 1169 ·
1055 1123 1243 1184 Gardinala-

276 1217 344 1275 tum
373 1216 472 1276 ambit
493 1220 527 1277 44
547 1217 678 1278 obtinet.
696 1219 721 1278 Ι.
737 1218 836 1278 242-
849 1217 984 1278 Simulat
1005 1237 1036 1278 se
1058 1218 1134 1278 Sedi
1160 1220 1244 1294 Apo·

276 1307 405 1370 stolicae
420 1311 589 1372 addictum.
600 1312 817 1372 Ibid.-Mense
829 1312 946 1373 Martio
963 1311 1041 1373 1700
1053 1312 1161 1390 palam
1180 1312 1246 1372 lau·

277 1401 333 1460 dat
340 1419 446 1463 rernm
460 1403 712 1466 immutationem
726 1407 759 1466 in
775 1407 891 1482 Gallia3
906 1411 1054 1467 otmense
1068 1405 1244 1468 Novembri

275 1496 419 1572 sequenti
435 1496 539 1557 dolose
555 1498 666 1559 scribit
679 1501 716 1560 ad
732 1501 894 1560 Summum
915 1500 1113 1574 Pontificem,
1129 1517 1191 1576 per
1204 1497 1244 1558 ci·
1291 1533 1292 1576 ,

275 1587 373 1648 vilem
388 1590 654 1652 constitutionem
676 1593 754 1652 cleri
775 1593 881 1670 parari
902 1594 1022 1654 aditum
1043 1593 1082 1653 ad
1104 1593 1243 1653 schisma
1291 1589 1292 1608 ³

275 1685 309 1742 et
330 1684 677 1763 presbyterianismnm.
694 1689 719 1748 Ι.
734 1687 805 1749 243.
822 1717 843 1732 -
857 1688 992 1748 Subdola
1017 1687 1173 1749 describit
1186 1691 1244 1748 lic·

274 1779 389 1839 clesiac
411 1779 591 1840 Gallicanae
613 1782 716 1855 mala,
739 1785 776 1841 ut
796 1785 926 1843 excuset
948 1781 1115 1844 consilium
1137 1801 1242 1842 susce·

275 1875 364 1950 ptum
390 1875 427 1934 de
452 1875 586 1950 tempori
611 1879 701 1936 cante
730 1877 920 1950 serviendo,
946 1881 979 1938 et
1002 1877 1239 1940 Constitutione

275 1969 482 2044 exsequenda.
499 1969 577 2028 Ibid.
599 1972 632 2029 44
654 1987 717 2047 seq.
733 1999 752 2013 ·
768 1969 906 2030 Simulat
926 1988 958 2030 se
981 1988 1040 2030 non
1070 1987 1161 2048 posse
1189 1988 1242 2034 ne-

273 2059 768 2168 sponsionemffiummiPontiflcis
782 2063 1079 2141 exspectare.l.245.
1096 2094 1116 2108 -
1127 2063 1242 2124 Sacra·

275 2156 415 2214 mentum
431 2153 567 2214 civicum
588 2156 721 2216 emittit.
739 2157 817 2217 Ibid.
828 2189 845 2202 ·
856 2158 978 2224 Quanto
999 2175 1075 2218 suae
1088 2157 1238 2216 dioecesis

275 2247 397 2307 damno.
412 2249 437 2308 Ι.
451 2249 654 2310 247.-Illum
669 2268 725 2327 pro
740 2268 866 2311 assensu
889 2251 985 2311 animi
1008 2269 1069 2310 non
1090 2269 1158 2310 esse
1180 2252 1235 2312 ha·
1292 2315 1293 2322 ,

275 2341 409 2400 bendum
430 2342 583 2403 declarat.
594 2345 618 2403 I.
632 2343 684 2417 56,
701 2343 770 2418 145,
786 2345 856 2405 246.
870 2348 923 2406 -A
938 2347 1066 2405 Summo
1081 2345 1235 2404 Pontifice

274 2451 331 2511 per
344 2435 509 2511 epistolam
524 2437 778 2512 reprehenditur.
789 2441 813 2498 Ι.
824 2438 864 2499 55
876 2444 909 2500 44
920 2458 985 2517 seq.
998 2440 1069 2515 147,
1079 2441 1152 2514 246,
1161 2441 1233 2513 247,

274 2527 335 2589 248
348 2531 382 2588 44
395 2545 479 2606 seqq.
489 2529 748 2592 -Gardinalatum
770 2533 919 2606 dimittit,
935 2552 954 2594 a
968 2551 1028 2611 quo
1049 2552 1082 2595 se
1103 2531 1235 2593 destitui

275 2620 418 2682 timebat.
442 2623 467 2682 Ι.
490 2623 560 2684 240.
574 2655 591 2668 -
605 2624 721 2686 Variae
749 2625 816 2686 eins
844 2626 1072 2688 simulationes.
1088 2631 1112 2688 l.
1129 2627 1200 2688 250.
1216 2656 1236 2671 -

272 2715 449 2778 Gessionem
474 2716 542 2776 eins
566 2717 711 2778 admittit
735 2721 880 2780 Summus
901 2722 1061 2782 Pontifex.
1079 2724 1103 2783 I.
1119 2721 1181 2782 254
1200 2724 1233 2780 44

273 2826 337 2887 seq.
347 2810 455 2870 -Pars
469 2810 620 2870 dioecesis
635 2812 823 2874 Senonensis
841 2815 880 2874 ab
901 2834 938 2876 44
960 2816 1137 2893 repudiata,
1153 2832 1235 2876 com-

274 2902 417 2964 mittitur
438 2904 679 2984 Archiepiscopo
700 2909 913 2986 Lugdunensi.
931 2913 956 2972 l.
972 2910 1044 2972 225.
1056 2942 1077 2956 ·
1091 2909 1231 2971 Secunda

273 2999 307 3056 et
332 2996 430 3057 tertia
450 2998 580 3057 monitio
600 3000 748 3060 canonica
771 3003 923 3064 adversus
943 3021 1014 3064 enm
1036 3006 1127 3065 4411.
1151 3007 1234 3066 Μ44-

272 3089 389 3150 cellum
410 3091 478 3152 eius
498 3094 722 3156 coadiutorem.
740 3098 764 3156 I.
780 3097 852 3172 276,
867 3100 938 3159 277.

334 3182 461 3258 Septem
483 3187 695 3248 Decennarnm
710 3190 838 3250 Patriae
859 3191 1004 3254 Valesiae
1016 3192 1180 3256 Baiulivns
1198 3198 1232 3256 44

271 3274 423 3334 Oratores
437 3277 582 3356 profugos
597 3297 616 3340 a
630 3282 785 3344 Sabaudia
799 3284 1028 3346 ecclesiasticos
1043 3287 1228 3364 suscipiunt.

331 3461 511 3540 Sepultnris
526 3463 601 3546 (de),
618 3485 673 3544 pro
687 3469 799 3546 quibus
812 3471 865 3531 lex
880 3471 986 3533 civilis
1001 3473 1160 3534 intrusum
1171 3476 1229 3536 Pa·

271 3555 400 3616 rochum
421 3559 595 3620 adeundum
618 3563 796 3624 mandabat.
813 3566 838 3626 I.
856 3567 927 3629 231.
