2632 4262
687 271 725 286 -
746 241 806 302 270
826 273 864 288 ..

300 351 338 412 sd
350 345 543 410 Florentiam
555 347 715 423 pervenit;
727 349 761 408 et
771 363 860 408 sacro
871 346 1008 425 quidem,
1020 347 1071 407 sed
1082 349 1120 409 ad
1132 365 1245 409 omnem

300 442 521 504 austeritatem
541 439 692 500 instituto
713 440 936 518 aptissimeque
963 443 1075 503 natura
1094 460 1153 502 sna
1172 443 1246 514 loco,

300 540 418 598 semoto
438 535 477 596 ab
497 534 582 596 Urbe
601 534 882 596 Carthasianorum
901 535 1091 596 monasterio
1111 535 1246 612 ponitur.

298 630 345 693 ibi
360 630 433 708 quid
447 645 508 688 nou
523 630 681 688 tentatum
696 629 756 699 est,
771 629 808 686 ut
827 628 953 687 tandem
972 627 1167 687 morereturt
1180 629 1247 694 Quis

299 729 385 790 dicat
405 729 439 786 et
459 723 593 802 quoties,
615 727 729 802 etqua
749 724 881 784 feritate
901 725 1058 786 marinum
1079 727 1155 800 iter,
1177 725 1246 785 etin

298 819 478 883 Sardiniam
492 817 668 896 deportatio
682 818 773 880 illius
787 819 916 880 auribus
931 819 1120 894 insonuerit,
1136 820 1248 879 frustra

297 915 477 977 iurantibus
498 913 638 984 medicis,
660 912 845 973 Pontificem
867 931 927 972 non
950 931 1017 974 esse
1039 913 1214 974 tolerando?

358 1007 474 1070 Atilii
499 1005 623 1068 etiamsi
648 1005 783 1067 fortasse
811 1005 933 1066 nollent
954 1010 988 1066 et
1017 1005 1247 1068 alindobtentu

299 1105 499 1183 quaererent,
521 1103 580 1160 hoc
601 1100 703 1178 magis
722 1101 857 1173 instare,
879 1099 986 1174 irasci,
1010 1117 1141 1177 urgere:
1164 1097 1247 1156 minis

298 1198 410 1258 saltem
431 1197 464 1256 et
484 1195 552 1272 ipsa
572 1193 706 1272 periculi
727 1193 873 1270 opinione
894 1193 1080 1254 Pontifieem
1102 1191 1248 1251 interitu·

190 1364 193 1372 Ι
298 1309 380 1352 rum.
394 1290 478 1357 Quae
499 1305 568 1365 spes
590 1289 661 1347 dum
683 1287 779 1360 fallit,
801 1305 916 1348 novum
938 1286 1090 1346 tormenti
1113 1301 1208 1363 genus
1221 1285 1248 1341 et

298 1383 423 1446 crudele
445 1381 620 1460 quaeritur.
637 1383 716 1442 Erat
736 1381 769 1439 in
790 1382 907 1441 misero
927 1381 1036 1440 miseri
1050 1380 1142 1441 Senis
1163 1377 1249 1438 comi·
1291 1405 1292 1420 κ

298 1481 369 1540 tatu
391 1474 594 1538 suavissimus
608 1475 723 1550 Nepos,
742 1473 770 1534 is
791 1492 882 1551 quem
903 1492 964 1532 non
985 1477 1050 1534 tam
1072 1472 1247 1549 praedones,

192 1573 194 1577 ’
297 1572 351 1650 qui
372 1570 459 1631 nihil
487 1568 703 1646 reliquerunt,
725 1585 816 1644 quam
846 1569 1029 1628 teterrimae
1057 1567 1248 1626 inimieorum

298 1663 472 1728 calumniae
493 1662 699 1739 depopulatae
713 1664 797 1722 sunt.
814 1661 895 1721 Nam
910 1663 970 1732 Tu,
986 1661 1161 1722 Romualde
1182 1661 1248 1720 Gar·

298 1753 691 1828 dinalisEminentissime,
707 1753 805 1832 quiin
828 1755 885 1813 hoc
906 1754 1130 1832 augustissimo
1152 1758 1249 1814 terra-

297 1868 367 1910 rum
390 1848 475 1909 orbis
496 1848 613 1908 Senatu
636 1851 701 1908 tam
723 1847 816 1924 digne
844 1848 950 1922 sedes,
973 1852 1009 1908 ut
1029 1848 1248 1908 iucundissimo

297 1946 463 2018 conspectu
479 1944 533 2000 tuo
547 1957 651 2001 cusum
665 1939 829 2000 Pontificis
851 1957 1039 2018 magnopere
1059 1941 1209 2013 solemur,
1222 1942 1250 1998 et

297 2053 386 2113 quem
413 2033 579 2094 Pontificis
604 2033 784 2093 sollicitudo
814 2033 850 2092 de
879 2033 1011 2110 imperio
1039 2036 1073 2092 et
1099 2033 1250 2110 religione

295 2128 460 2206 Neapolim
480 2127 629 2200 miserat3
652 2126 813 2204 impeditis
839 2127 936 2187 effuso
958 2129 1026 2188 tota
1046 2126 1144 2187 Italia
1166 2145 1251 2204 prae·

235 2253 240 2265 ·
296 2222 373 2281 done
386 2221 565 2295 itineribus,
578 2219 727 2280 morienti
742 2219 881 2297 quotidie
895 2219 1054 2280 biennium
1076 2219 1154 2279 Seni
1169 2218 1251 2278 nullo

179 2317 183 2324 '
297 2331 440 2390 umquam
461 2317 567 2374 adesse
588 2316 730 2388 tempore
751 2313 896 2390 potuisti.
917 2314 1001 2390 Ergo
1022 2313 1183 2387 alterum,
1204 2310 1252 2388 qui
1291 2337 1292 2398 ξ

294 2405 416 2465 labanti
438 2405 511 2465 Seni
532 2405 728 2465 lacrimabile
748 2406 886 2483 quidem,
903 2406 955 2466 sed
974 2409 1045 2466 erat
1059 2409 1167 2467 tamen
1190 2405 1253 2465 uni-

294 2515 364 2557 cum
386 2497 547 2572 solatium,
562 2499 601 2558 ab
615 2517 652 2558 eo
673 2498 817 2562 inaudita
830 2499 1059 2561 inhumanitate
1081 2499 1250 2572 divellunt,

294 2592 437 2670 pellunt,
463 2591 665 2662 eliciunttsi
685 2593 768 2653 forte
796 2593 936 2655 invictus
956 2595 1079 2655 animus
1098 2597 1133 2654 et
1155 2596 1251 2654 adhuc

293 2685 382 2746 nulla
396 2703 431 2746 re
451 2687 489 2746 de
510 2704 564 2746 suc
579 2688 666 2748 statu
687 2687 839 2760 deiectus,
856 2689 981 2748 tandem
996 2687 1164 2748 amissione
1186 2687 1252 2746 illo-

294 2797 364 2839 rum
385 2797 462 2856 quos
483 2797 573 2840 caros
594 2783 628 2840 et
648 2780 806 2858 proximos
826 2781 960 2854 habeat,
990 2781 1118 2859 ipsaque
1141 2781 1252 2841 solitu.-

293 2871 364 2932 dins
384 2872 504 2933 fractus
525 2877 559 2934 et
579 2891 720 2934 moerore
742 2873 899 2935 coniectus
914 2875 1088 2952 aliquando
1109 2873 1251 2934 considat

293 2967 326 3023 et
348 2965 498 3026 discedat.
515 2967 574 3038 Qui
595 2985 683 3028 casus
704 2967 769 3026 utri
790 2967 933 3028 acerbior
954 2971 987 3028 et
1009 2966 1148 3041 tristior,
1176 2965 1249 3026 Seni

293 3078 394 3132 ne,an
409 3062 525 3148 Nepoti
539 3062 648 3136 fuerit,
664 3080 775 3139 anceps
790 3062 863 3123 fuit:
887 3063 948 3122 nisi
970 3064 1050 3140 quod
1065 3062 1147 3122 vicit
1162 3060 1250 3130 Senis

292 3154 471 3214 constantia
483 3155 612 3231 Nepotis
633 3157 980 3234 pietatem-Postquam
996 3157 1073 3217 satis
1094 3155 1148 3215 diu
1170 3171 1250 3214 ccm-

167 3244 170 3250 '
277 3248 449 3306 moratum
471 3249 509 3307 ad
530 3248 723 3308 Florentiam
750 3250 817 3322 est,
840 3266 895 3308 neo
921 3249 1080 3326 piissimus
1101 3246 1248 3319 Pontifex

293 3339 457 3400 tolerando
468 3340 700 3418 defatigabatur
715 3347 770 3404 aut
784 3343 948 3417 interibat,
963 3361 1056 3421 seque
1070 3343 1137 3420 ipso
1151 3340 1248 3400 maior

203 3442 205 3447 “
292 3433 441 3511 quidquid
463 3436 532 3494 erat
553 3433 683 3510 spiritus
698 3439 731 3496 et
745 3437 832 3497 vitae
847 3437 878 3497 id
893 3445 982 3497 omne
998 3437 1029 3495 in
1046 3436 1151 3514 gregis
1165 3450 1247 3494 com·
1291 3479 1292 3486 ,

291 3529 383 3590 moda
404 3531 437 3590 et
451 3526 617 3600 ,utilitates
638 3529 854 3598 amantissime
883 3529 1062 3604 conferebat
1082 3547 1127 3602 ¹,ac
1154 3542 1246 3606 paene
1291 3551 1292 3556 κ
