2624 4260
460 240 638 298 -217-

66 362 160 423 quam
181 344 369 421 sacrilegum
390 342 510 404 facinus
532 346 774 419 detestantibus,
789 346 861 407 aliia
882 365 899 406 e
921 352 1031 407 contra

67 439 112 511 id,
130 438 219 500 salva
232 436 434 510 conscientia,
449 436 555 497 emitti
567 456 656 516 posse
670 439 940 512 contendentibus,
954 441 1031 499 San-

68 532 229 593 ctissimus
242 531 392 592 Dominus
408 534 527 593 Noster
547 549 604 609 pro
617 552 665 606 ea,
680 552 741 610 qua
762 537 908 606 tenetur,
931 532 1031 592 ecole-

68 625 186 685 siarnm
220 625 357 684 omnium
381 623 594 684 sollieitudine
621 627 863 703 Congregationi
884 624 1032 687 (lardica-

67 719 147 778 lium
161 737 217 796 pro
231 719 433 796 expediendis
447 719 583 796 negotiis
594 721 630 780 ad
648 726 842 796 praesentem
859 719 1031 797 gallicanae

68 813 229 874 Ecclesiae
243 814 339 874 crisin
352 813 565 891 spectantibus
580 814 745 874 institutae
760 813 971 884 demandavit,
996 813 1032 871 ut

68 925 137 967 rem
159 913 284 968 maturo
305 908 444 968 examini
470 909 658 980 subiiceret,
681 909 814 984 quidque
836 908 921 968 eirca
941 907 1030 967 illam

68 1003 223 1078 agendum
244 1004 504 1078 statuendumque
525 1003 751 1075 arbitraretur,
768 1005 807 1062 ad
830 1021 861 1061 se
882 1002 1030 1062 referret.

68 1096 145 1154 Sine
160 1113 248 1155 mora
261 1096 345 1155 iusso
360 1113 492 1173 paruere
504 1096 700 1168 Cardinales‚
715 1114 752 1155 ac
767 1097 938 1173 perpensis,
953 1113 1031 1172 quae

67 1207 125 1266 pro
146 1193 180 1249 et
193 1193 304 1250 eontra
324 1189 463 1261 stabant,
480 1189 667 1262 rationibus,
684 1191 721 1248 ad
746 1207 840 1248 unum
856 1207 961 1247 omnes
982 1189 1032 1247 iu-

68 1269 217 1342 dicarunt
237 1287 467 1342 sacramentum
489 1283 553 1342 odii
575 1283 680 1360 regiae
702 1283 870 1359 potestatis
892 1281 1032 1360 (dejure

70 1375 167 1434 haine
188 1381 207 1436 a
227 1377 259 1436 la
290 1378 424 1453 royaute
445 1381 478 1436 et
506 1383 525 1435 a
544 1376 737 1453 l'anarohie,
764 1377 979 1436 attachement
999 1375 1032 1432 et

68 1468 191 1528 fidelite
212 1475 231 1528 a
251 1471 283 1530 la
297 1469 481 1545 republique
503 1476 536 1528 et
549 1476 568 1529 a
582 1469 615 1528 la
634 1469 841 1530 constitution
857 1471 894 1528 de
909 1468 971 1527 l'an
985 1468 1030 1542 3),

68 1565 196 1624 divinae
218 1565 282 1641 legi
297 1583 486 1642 repugnare.
503 1566 577 1626 Oum
601 1568 706 1624 autem
728 1565 836 1625 iamin
858 1581 894 1622 eo
914 1567 1029 1633 essent,

69 1665 105 1719 ut
119 1659 268 1719 Pontifici
290 1676 377 1718 suam
400 1659 591 1718 sententiam¹
609 1659 782 1736 aperirent,
798 1675 866 1716 ecoe
887 1657 1032 1716 lacrima-

68 1753 142 1813 bilis
164 1753 222 1812 illa
242 1754 357 1814 almam
373 1751 489 1810 urbem
511 1752 617 1812 obruit
637 1754 856 1828 catastrophe,
878 1768 955 1828 quae
978 1767 1033 1807 ne·

68 1847 228 1924 gotiorum
251 1847 388 1905 omnium
409 1846 496 1904 filum
518 1846 662 1922 abrupit,
685 1849 718 1905 et
739 1847 840 1906 dictae
853 1847 1033 1922 Congrege-

68 1940 167 2000 tionis
188 1942 328 2000 membra
348 1939 526 2016 dissipavit.

130 2038 282 2095 Attamen
304 2053 343 2093 ne
363 2035 506 2110 quaestio
529 2035 612 2094 tanti
641 2035 807 2104 momenti,
830 2033 915 2093 circa
940 2051 1032 2110 quam

68 2130 167 2190 dubia
188 2131 277 2188 brevi
299 2129 464 2189 exoritura
485 2147 562 2199 esse,
579 2147 710 2205 pronum
732 2133 803 2188 erat
823 2128 1031 2204 praevidere,

68 2224 101 2282 in
126 2222 274 2300 ambiguo
296 2227 451 2290 maneret.
467 2223 748 2282 reverendissimus
762 2224 909 2282 Dominus
924 2222 961 2280 de
976 2221 1034 2278 Pe-

69 2318 140 2387 dro,
157 2315 326 2392 Episcopus
347 2314 532 2386 Isaurensis,
547 2315 601 2390 qui
620 2314 879 2392 congregationis
901 2316 1035 2372 secreta-

68 2409 138 2468 rius
161 2408 287 2481 luerat,
310 2408 515 2468 Sanctissimo
535 2408 667 2468 Domino
688 2409 806 2468 Nostro
833 2407 866 2466 in
889 2408 1033 2467 Tusciam

68 2501 134 2560 iam
150 2503 213 2560 iam
228 2503 408 2578 profecturo
429 2502 639 2573 renuntiavit,
661 2521 809 2578 quaenam
827 2489 1034 2562 cardinalium

67 2595 156 2654 circa
177 2595 371 2670 praedictum
392 2593 600 2654 iuramentum
623 2613 709 2652 mens
731 2611 766 2654 ac
788 2594 947 2654 sententia
967 2595 1035 2654 lue-

67 2689 129 2760 rit,
153 2705 283 2762 eumque
305 2687 452 2763 rogavit,
476 2689 605 2764 utquid
628 2690 665 2746 de
686 2707 722 2748 eo
744 2689 910 2747 tenendum
938 2691 1032 2760 esset,

68 2799 146 2842 suae
163 2781 248 2840 voeis
270 2780 396 2840 oraculo
410 2781 603 2841 decerneret.
619 2783 725 2842 Petito
745 2781 895 2841 Pontifex
910 2780 1032 2852 annuit,

67 2875 232 2951 edixitque
245 2873 455 2933 iuramentum
468 2875 647 2934 huiusmodi
659 2893 785 2951 prorsus
797 2875 945 2934 illicitum
954 2892 1032 2948 esse,

67 2971 182 3030 iubens
203 2967 329 3027 insimul
350 2968 555 3044 praelaudato
576 2969 731 3029 Isaurensi
752 2969 905 3047 episeopo,
930 2985 1034 3046 quem,

68 3067 276 3140 suscepturus
304 3062 473 3134 exsilium,
500 3080 587 3121 suum
610 3062 643 3120 in
666 3063 741 3122 urbe
769 3063 922 3124 vicarium
945 3063 1036 3124 iusti-

68 3159 193 3228 tuebet,
210 3159 247 3214 ut
268 3156 326 3214 hoc
347 3159 473 3214 sanotae
495 3155 585 3214 Sedis
610 3155 759 3215 iudicium
781 3157 947 3217 occasione
960 3160 1036 3219 nata

68 3249 266 3328 propalaret.
326 3295 329 3300 .

130 3345 198 3404 Nee
219 3341 273 3401 diu
295 3341 397 3402 defuit
418 3341 494 3402 iussi
516 3342 704 3418 exsequendi
725 3343 955 3419 opportunitas.
972 3346 1037 3404 Re-

71 3437 319 3497 vereudissimus
334 3437 446 3514 quippe
467 3437 648 3496 Gressensis
661 3436 823 3513 episcopus
840 3438 920 3497 haud
935 3436 1035 3496 multo

70 3533 144 3610 post
158 3533 224 3592 tria
235 3531 320 3590 cirea
334 3535 564 3590 sacramentum
579 3529 644 3589 odii
662 3529 755 3590 dubia
768 3530 939 3591 Sanctitati
954 3531 1035 3589 Suae
