2582 4270
66 401 191 444 causam
213 383 383 444 sacerdotii
409 383 573 444 defendere
596 401 628 442 se
650 380 841 459 gloriantur.
865 379 930 440 Nos
952 377 1035 436 enim

66 481 212 554 prompto
234 497 270 539 ac
290 477 435 555 legitimo
456 493 656 537 occurremus
677 474 815 547 auxilio,
832 473 913 551 quod
932 471 1034 531 locum

66 571 213 645 habebit,
230 575 327 632 donec
348 591 403 632 vos
425 572 581 632 dioeceses
602 575 727 632 vestras
748 585 859 646 regere
874 570 968 644 atquc
982 566 1035 625 ad·

67 665 252 726 ministrare
274 666 413 744 possitis.
429 665 561 726 Interim
583 665 667 724 faxit
687 662 786 736 D'eus,
808 666 844 722 ut
856 663 987 733 Nostra,
1003 661 1036 718 et

68 759 246 820 communia
266 763 344 821 vota
365 761 600 838 compleantur,
625 762 661 818 ut
682 757 772 818 vobis
793 755 895 834 primo
916 769 1035 832 quoque

68 854 211 928 tompore
232 853 329 913 liceat
349 855 388 912 ad
409 856 533 912 vestras
555 851 651 910 Sedes
672 849 814 921 reverti,
830 849 863 907 et
876 844 1035 906 Pastorali

66 949 247 1011 ministerio
268 951 368 1011 libere
388 950 495 1028 fungi,
513 955 609 1028 utque
630 949 754 1027 inclyto
776 945 953 1008 Galliarum
974 946 1036 1004 Rc·

56 1049 127 1119 'gno
149 1063 212 1122 pax
234 1049 269 1106 et
288 1045 416 1122 Religio
438 1045 605 1118 reddatur,
620 1043 722 1104 veluti
742 1040 877 1102 assiduis
892 1037 1035 1116 precibus

67 1136 293 1214 imploramus,
317 1142 350 1198 et
371 1138 513 1198 futurum
536 1137 738 1206 confidimns,
762 1135 835 1193 dum
858 1133 966 1206 Vobis,
982 1131 1035 1191 Di-

66 1229 143 1290 lecti
165 1231 226 1291 filii
246 1233 374 1306 Nostri,
398 1250 470 1291 ven.
492 1231 641 1303 Fratres,
657 1247 692 1289 ac
707 1227 815 1288 dilecti
829 1226 889 1285 filii
909 1223 1034 1298 Nostri,

66 1326 281 1401 apostolicam
302 1325 556 1386 Benedictionem
583 1326 782 1402 peramanter
800 1320 1012 1397 impertimur.

129 1427 247 1486 Datum
269 1424 386 1482 Romae
404 1421 485 1498 apud
500 1421 648 1480 Sanctam
662 1418 795 1479 Mariam
809 1414 959 1476 Maiorem
979 1413 1035 1472 sub

65 1523 183 1584 annulo
203 1520 393 1592 Piscatoris,
420 1519 469 1578 dic
490 1520 597 1578 XXXI
618 1517 692 1578 Iulii
712 1515 930 1585 MDGOXCIII,
953 1512 1036 1570 Pon-

65 1618 208 1678 tificatns
230 1614 341 1676 Nostri
364 1631 444 1674 anno
465 1613 552 1672 XIX.

504 1781 596 1837 vn.

385 1901 579 1946 vnuuannrnr
599 1899 719 1943 sacrat

349 2037 542 2098 VICTORIO
563 2035 755 2095 PHILIPPO

318 2195 567 2272 Arcbiepc'soopo
593 2193 787 2256 Calarituao

275 2357 445 2438 PIUS
508 2357 702 2435 ΡΑΡΑ
757 2355 825 2434 Vl.

182 2545 270 2600 Ven.
292 2507 431 2616 Preter,
452 2547 604 2604 Salutem
626 2548 661 2602 et
681 2545 919 2614 Apostolicam

402 2643 700 2702 Benedictionem.

125 2813 161 2872 In
177 2810 375 2888 perlegendis
389 2811 621 2872 iucundissimis
635 2812 756 2872 litteris
771 2811 846 2884 tuis,
862 2807 1034 2868 Venerabi-

62 2907 105 2967 lis
125 2906 256 2975 Frater,
271 2905 310 2964 ad
331 2905 395 2966 Nos
410 2905 459 2964 die
476 2906 512 2965 ll
527 2905 650 2982 Aprilis
671 2905 771 2976 datis,
791 2903 939 2962 lacrimas
959 2919 1034 2980 prae

62 2995 180 3072 gaudio
202 2999 312 3056 tancre
335 3015 395 3056 non
417 2997 595 3074 potuimus,
617 3016 686 3056 cum
715 2999 787 3058 ate
815 3000 959 3057 accurate
981 2998 1035 3056 dc-

61 3087 185 3165 scripta
199 3088 391 3164 videremus,
406 3109 484 3168 qnae
499 3091 567 3169 ipsa
581 3091 705 3169 publica
719 3092 803 3154 fama
816 3093 855 3153 ad
868 3093 933 3153 Nos
948 3091 1036 3169 prius

62 3183 170 3243 delata
191 3183 305 3262 ubique
327 3183 390 3245 iam
419 3201 476 3260 per
497 3184 677 3245 universam
698 3187 854 3264 Europam
882 3187 920 3246 ad
942 3185 1035 3246 Sardi

62 3276 198 3336 nominis
221 3277 355 3354 gloriam
377 3278 629 3340 celebrabantur.
645 3280 734 3342 Nihil
755 3281 843 3340 iniis
863 3281 963 3362 Nobis
983 3297 1034 3341 ac·

62 3369 187 3447 captiua
201 3374 236 3430 et
249 3372 494 3431 commendatius
508 3371 583 3446 fuit,
594 3391 686 3450 quam
708 3391 727 3433 a
747 3381 793 3448 te,
809 3376 940 3448 celero,
953 3393 972 3434 a
983 3392 1036 3452 po·

62 3464 138 3540 pulo
160 3468 237 3535 tuo,
260 3481 296 3524 ac
326 3464 365 3524 ab
393 3465 515 3544 inclyto
544 3467 709 3527 universae
734 3468 898 3529 Sardiniae
926 3470 1035 3546 Regno

62 3575 201 3618 summas
223 3557 481 3636 immortalesque
502 3558 611 3620 haberi
632 3578 668 3621 ac
688 3554 804 3622 bcierri
825 3561 1033 3640 omnipotenti
