2624 4260
141 427 321 504 invalidam
342 434 434 494 extra
454 433 647 510 parochiam,
669 451 749 512 qnae
770 433 850 498 mibi
870 434 1018 494 canonica
1032 451 1107 492 ccc-

145 521 271 585 credita
280 524 398 600 tuerat,
413 543 473 586 non
486 525 582 589 fuisse
594 544 643 586 ma
654 527 834 605 legitimum
847 544 954 587 earum
970 522 1108 603 partium

146 617 360 692 sacerdotem,
390 637 468 697 quae
493 638 598 680 coram
620 638 669 680 me
691 620 926 681 matrimonium
948 619 1106 694 inici-unt,

143 709 363 774 absolutiones
382 731 402 775 a
422 731 471 776 me
492 732 664 788 concessas,
683 718 816 792 excepto
831 715 943 774 mortis
957 715 1107 788 articulo,

146 818 215 866 esse
236 803 358 879 nullan
379 823 509 884 eosque,
531 807 643 885 quibus
664 824 773 868 manns
801 805 953 884 imposui,
983 805 1108 866 nonnisi

145 897 362 958 characterem
388 900 448 960 sibi
476 919 574 979 aeque
594 920 630 962 ac
651 900 731 962 mibi
752 901 998 962 funestissimum
1021 918 1109 960 rece·

145 989 241 1066 pisse.
271 994 443 1054 Praetenso
471 995 595 1071 Montis⁸
615 995 690 1060 Albi
717 995 908 1072 Episcopatu
937 1013 985 1054 me
1017 992 1109 1053 abdi-

145 1101 205 1143 co:
229 1103 337 1162 meque
365 1090 402 1146 ad
433 1091 552 1153 alatum
578 1088 769 1165 poenitentis
790 1087 961 1160 abiiciens,
985 1088 1108 1147 veniam

145 1193 259 1254 precor
280 1199 299 1240 a
319 1181 445 1241 Summo
466 1181 640 1254 Pontifice,
663 1181 751 1241 cuius
777 1181 948 1256 contempsi
968 1179 1109 1240 auctori-

147 1273 265 1346 tatem,
288 1274 326 1332 ab
347 1274 509 1354 Episcopis
530 1275 716 1348 Sabaudiae,
739 1290 870 1352 quorum
897 1275 1046 1352 usurpavi
1062 1273 1110 1333 iu·

147 1363 381 1441 mediationem,
403 1387 422 1429 a
442 1369 649 1446 presbyteris,
665 1385 739 1444 quos
755 1366 864 1426 seduxi
879 1372 935 1426 aut
949 1367 1107 1442 ordinavi;
1189 1431 1191 1442 ,

146 1477 167 1518 a
187 1458 342 1531 fidelibus,
364 1461 478 1538 quibus
497 1462 543 1522 fui
565 1461 730 1533 scandalo;
745 1461 877 1536 denique
893 1460 931 1519 ab
946 1455 1108 1536 ipsissimis

127 1566 129 1572 ’
147 1551 306 1630 patriciis,
329 1573 405 1631 quos
427 1556 463 1614 ad
476 1555 749 1638 ‚perseverandum
765 1554 798 1613 in
815 1571 870 1612 suo
885 1551 999 1614 delirio
1014 1557 1108 1630 atque

147 1645 308 1710 erroribus
330 1665 387 1724 pro
409 1647 630 1714 meisviribus
650 1646 772 1708 induxi.

206 1738 355 1804 Ecclesia
366 1747 501 1804 coactu!
512 1742 600 1804 cuius
612 1741 731 1802 violavi
744 1740 913 1814 unitatem,
933 1740 1107 1802 doctrinam

146 1834 328 1910 contempsi,
343 1833 529 1896 auctoritati
543 1834 715 1903 insultavi;
730 1833 879 1896 Ecclesia
897 1832 1107 1910 Apostoliccl

147 1924 216 1986 sole
243 1927 324 1987 sacri
352 1927 522 1987 ministerii
551 1927 760 2004 depositaria,
790 1931 825 1986 et
845 1946 864 1987 a
883 1944 944 2002 qua
966 1942 1055 1984 nemo
1076 1940 1108 1983 se

146 2021 256 2096 potest
273 2021 450 2097 reiungere,
474 2021 534 2080 nisi
556 2038 629 2082 suae
651 2021 817 2080 renunciet
831 2019 947 2092 saluti3
963 2018 1109 2082 Ecclesia

147 2110 337 2174 catolicae
358 2115 446 2175 cuius
470 2114 583 2174 nudum
606 2113 794 2174 vocabulum
809 2111 978 2174 Ecclesiam
994 2110 1108 2174 consti·
1174 2147 1176 2150 -

147 2204 334 2268 tutionalem
346 2206 469 2269 Galliae
484 2206 654 2283 proscribit
665 2205 830 2277 3Ecclesic
840 2206 1010 2266 Romanu!
1022 2203 1108 2266 sedes

146 2297 181 2360 S.
197 2299 299 2372 Petri,
314 2319 392 2377 quae
405 2301 542 2376 possides
561 2299 592 2360 in
609 2301 676 2362 eius
689 2299 917 2360 successoribus
932 2297 1107 2362 Primatum
1167 2315 1170 2324 ·

146 2390 277 2456 honoris
292 2398 325 2454 et
339 2392 584 2466 iurisdictionis3
596 2392 738 2454 Ecclesia
750 2391 885 2454 aliarum
896 2390 1107 2452 Ecclesiarum

146 2485 311 2562 magistra,
333 2489 440 2548 custos
460 2486 546 2561 fidei,
568 2486 783 2548 indefectibile
802 2492 947 2548 centrum
962 2484 1125 2569 unitatise

146 2578 288 2644 Ecclesia
315 2581 383 2639 Iesu
411 2579 548 2652 Obristi,
578 2579 703 2640 visibile
732 2583 766 2640 et
793 2595 915 2655 semper
936 2577 1108 2644 subsistens

147 2665 309 2749 polentiae
330 2677 363 2732 et
383 2673 499 2732 amoris
514 2672 562 2732 sui
576 2671 782 2743 miraculum3
796 2669 938 2736 Ecclesia
951 2669 1108 2746 deposita·

122 2763 125 2766 ’
146 2764 197 2830 ria
216 2764 284 2828 eius
304 2764 450 2828 caelestis
471 2765 643 2838 doctrinae,
667 2781 744 2840 quae
758 2763 838 2824 vicit
851 2761 1020 2834 infernum,
1038 2780 1109 2826 cou-

144 2858 230 2924 ,fudit
251 2858 436 2936 sapientiam
458 2859 644 2928 humanam,
675 2861 708 2918 et
735 2858 883 2916 mundum
906 2853 1106 2932 subiugavit!

146 2953 267 3030 suscipe
289 2953 456 3024 infelicem,
472 2953 526 3028 qui
540 2955 606 3012 tam
619 2951 723 3028 longe,
738 2953 888 3026 tantoque
908 2949 1027 3026 impetu
1041 2969 1061 3012 a
1076 2955 1109 3016 ts

147 3047 289 3110 recessit.
313 3046 454 3118 Utinam,
477 3045 503 3106 si
525 3044 672 3122 possibile
693 3044 787 3117 foret,
810 3041 1109 3122 poenitentiaque

146 3157 195 3202 me
217 3139 248 3198 in
272 3139 373 3198 sinum
396 3143 485 3199 tuum
507 3137 644 3211 reducit,
667 3138 772 3198 notior
792 3137 849 3211 sit,
870 3153 962 3214 quam
984 3152 1108 3208 errores

146 3233 201 3312 qui
221 3251 270 3297 me
291 3252 308 3294 e
330 3236 385 3294 tuo
405 3233 476 3294 sinu
490 3233 706 3306 excluserunt;
724 3237 760 3296 ut
775 3232 882 3296 fideles
898 3232 935 3290 de
951 3248 1019 3290 mee
1038 3248 1110 3296 con-

146 3325 292 3387 versione
306 3325 422 3398 edocti,
437 3329 471 3386 et
484 3327 592 3386 dolore
606 3343 676 3384 meo
691 3326 782 3397 lacti,
797 3323 972 3386 efficacibus
984 3322 1109 3382 oratic-

147 3421 238 3481 nibus
259 3422 323 3481 suis
344 3422 567 3500 indignitatem
582 3441 682 3482 meam
702 3422 859 3499 operiant3
876 3422 1109 3497 impetrentque

146 3508 610 3588 Hatra-misericordiarum,
640 3520 677 3576 ut
705 3519 805 3576 ratam
829 3513 971 3574 incaelo
993 3513 1108 3580 habere

146 3597 296 3684 dignatur
317 3608 507 3672 sententiam
522 3607 798 3680 reconciliationis,
814 3624 906 3684 quam
921 3603 1059 3674 sollicito
1074 3603 1107 3672 ia
