2632 4262
387 390 542 453 chialibus
563 389 777 452 functionibus
795 409 857 450 nou
871 393 978 454 autem
993 392 1181 453 sacerdota-

387 487 471 548 libus
490 485 737 560 renunciarent,
753 489 787 546 et
807 487 953 546 chartam
975 485 1179 563 exigentibus

390 579 645 658 persecutoribus
660 580 873 654 tradiderunt,
890 597 984 657 quam
996 580 1051 640 isti
1065 579 1106 638 ob
1120 580 1180 638 im-

388 675 536 753 peritiam
550 673 631 734 11111
649 677 842 750 reputarunt
863 693 930 734 esse
953 673 1084 736 litteras
1106 691 1179 750 pre-

390 769 576 846 sbyteratus
617 807 1061 832 .........
1094 785 1173 844 pap.
1198 766 1254 827 150

289 863 368 925 1797
390 863 428 923 12
447 863 586 940 Augusti
598 893 615 908 ·
634 863 778 924 Utinam.
801 864 982 925 DominIoo
998 863 1178 924 cardinali

387 957 642 1028 Eupelucaldio
681 959 955 1029 archiepiscopo
993 959 1176 1015 Bothoma·

389 1050 500 1120 aenei.
516 1049 703 1108 Gratulanti
720 1049 757 1108 de
780 1053 908 1126 recepta
928 1048 1114 1109 valetudine
1126 1065 1179 1106 re·

390 1141 521 1218 spondet
535 1141 696 1216 Pontifex,
713 1161 745 1202 se
759 1144 840 1204 hauc
855 1160 977 1202 omnem
992 1141 1175 1218 impendere

386 1234 523 1296 velleio
550 1235 692 1296 Ecclesia
713 1236 924 1310 vindicanda,
951 1235 1030 1312 quod
1064 1236 1171 1294 tamen

386 1345 448 1388 uon
473 1328 512 1386 ab
537 1328 604 1390 ulla
625 1347 682 1388 sua
703 1347 810 1406 opera,
826 1333 913 1393 seda
933 1333 1041 1392 divino
1063 1333 1172 1410 sperat
1296 1409 1297 1414 ἵ

387 1421 520 1484 auxilio.
537 1425 693 1496 Laetatur
706 1424 745 1483 ob
760 1429 959 1500 praesentem
973 1445 1083 1487 rerum
1099 1424 1176 1486 Gal·
1296 1449 1297 1508 1

386 1522 562 1581 licauarum
576 1519 695 1577 statum
716 1516 914 1596 intelligens,
930 1539 1009 1596 quae
1025 1521 1094 1580 illic
1108 1517 1176 1580 ani·
1296 1509 1297 1598 1

388 1629 510 1674 morum
522 1611 656 1670 mutatio
671 1614 783 1688 coepta
802 1616 852 1672 est
887 1657 1112 1674 .....
1155 1609 1250 1670 »151
1296 1605 1297 1696 1

388 1709 427 1768 16
458 1704 637 1766 Decembris
651 1735 667 1749 -
681 1705 880 1781 Perqratem
900 1705 1009 1765 Nobis.
1042 1707 1173 1766 Wilde-
1296 1709 1297 1716 ³

383 1801 457 1860 1111
476 1799 646 1874 Episcopo
672 1801 783 1858 electo
803 1801 973 1870 Spirensi.
993 1801 1174 1876 Respondet

385 1890 488 1950 dubiis
499 1891 538 1950 ab
549 1889 618 1950 eius
630 1889 791 1951 decessore
802 1891 973 1968 propositis
984 1893 1070 1952 circa
1081 1891 1174 1953 Aloi-

383 1985 422 2045 sii
436 1983 566 2046 Linderi
581 1983 810 2050 absolutionem
825 1989 859 2045 et
872 1985 956 2046 eirca
970 1986 1172 2047 validitatem

384 2097 545 2142 sacrorum
560 2078 726 2153 Ordinum,
743 2099 819 2158 quos
834 2081 915 2141 idem
931 2083 969 2142 ab
983 2082 1109 2142 intruso
1123 2099 1173 2140 11-

383 2179 525 2254 ceperat,
545 2192 635 2251 quem
657 2175 713 2234 ille
735 2175 869 2236 timebat
889 2176 941 2235 vel
963 2175 1173 2237 necessariam
1296 2193 1297 2224 ÷

385 2267 592 2328 intentionem
608 2286 669 2326 uon
684 2268 843 2342 habuisse,
858 2270 910 2329 vel
923 2289 983 2329 non
1006 2269 1174 2344 omniapa·

382 2365 483 2422 111111
498 2377 577 2436 quae
598 2362 637 2419 ad
660 2361 869 2422 ordinationis
890 2363 1098 2423 substantiam
1119 2375 1173 2420 re·
1296 2395 1297 2418 ι

380 2454 562 2531 111111111.
587 2455 778 2515 (1111111111
792 2457 955 2534 Episcopo,
971 2459 1053 2533 quod
1067 2454 1172 2531 requi-

381 2563 454 2608 rens
469 2547 508 2607 ab
522 2547 707 2622 1111111111
719 2550 798 2610 Sede
810 2567 887 2628 quae
903 2553 935 2610 in
950 2551 1054 2612 anxiis
1075 2550 1169 2610 rebus

381 2641 517 2702 tenenda
545 2639 589 2698 sit
617 2642 794 2716 sententia,
816 2643 849 2702 in
874 2643 940 2720 ipso
961 2644 1168 2721 Episcopatus

380 2737 520 2810 exordio,
534 2736 712 2812 exemplum
728 2741 877 2814 sequutus
891 2738 990 2800 fuerit
1002 2739 1170 2802 Africano·

379 2849 450 2891 rum
478 2832 611 2890 Petrum
635 2819 933 2906 Carthaginensium
954 2834 987 2891 et
1008 2831 1170 2893 Milevita·

378 2941 487 2984 norum
509 2942 528 2984 1
550 2924 584 2983 S.
600 2925 783 2984 Innocentio
805 2926 830 2984 Ι.
846 2925 1048 2986 laudatum.
1094 2969 1102 2986 .
1145 2926 1244 2986 »153
1296 2973 1297 3008 ,

319 3033 337 3076 1
379 3017 419 3078 30
450 3016 614 3096 Decembri
631 3049 646 3062 -
663 3015 785 3076 Christi
806 3017 981 3080 Ecclesiae.
1007 3017 1168 3081 Nonnulla

379 3109 522 3170 decernit
542 3110 693 3171 Pontifex
708 3112 745 3170 de
761 3111 829 3170 leco
845 3128 880 3172 ac
895 3115 1037 3190 tempore
1052 3113 1167 3172 haben-

378 3203 488 3261 dorum
514 3204 715 3264 comitiorum
744 3222 801 3281 pro
829 3206 983 3267 electione
1005 3207 1167 3266 Successo-

376 3295 421 3354 ris
443 3295 497 3354 Sui
502 3339 1102 3362 ............
1144 3299 1241 3360 »156

278 3385 357 3446 1798
378 3385 398 3446 5
420 3387 528 3445 Iunii·
542 3387 671 3465 1111111
688 3395 799 3466 plane.
823 3395 916 3455 Alex.
940 3396 1085 3470 Augusto
1105 3397 1165 3452 Ar·

375 3483 598 3552 chispisoopo
620 3486 820 3559 Rhomensi,
835 3519 848 3531 ·
862 3489 901 3546 H.
919 3489 997 3548 LE.
1024 3491 1164 3558 Episco-

372 3589 418 3642 po
434 3577 673 3648 suessonensi,
684 3606 698 3620 ·
711 3579 749 3636 A.
764 3579 796 3637 S.
810 3581 983 3650 Episcopo
1004 3583 1163 3641 comensi
