2606 4268
276 383 353 446 item
376 385 487 446 iisdem
509 385 693 446 facultatem
715 384 871 444 concessit
888 383 1058 461 delegandi
1081 383 1138 447 has
1160 383 1244 460 ipsas
1291 457 1292 460 Ἴ

276 480 446 541 facultates
474 481 692 542 sacerdotibus
720 481 780 541 sibi
810 482 888 540 bene
909 478 1009 552 visis,
1033 496 1093 538 nou
1115 478 1242 550 iuratis,
1291 469 1292 514 ἶ

277 593 338 634 non
360 573 506 645 intrusis,
522 592 620 651 neque
639 573 800 634 schismati
821 572 933 650 quovis
948 574 1037 632 modo
1051 572 1244 632 faventibus.
1291 599 1292 632 n

277 669 359 735 Quas
386 666 556 727 facultates
584 668 761 728 declaravit
787 669 961 744 perdurare
988 667 1027 727 ad
1055 685 1195 740 aunum,
1218 667 1243 726 si
1291 657 1292 718 Ϊ

277 762 398 824 tamdiu
419 762 529 820 horum
552 764 728 839 temporum
750 761 913 822 calamitas
937 761 1172 838 perduraverit.
1291 769 1292 842 g

338 855 370 916 2.
385 854 464 920 Quid
487 858 641 932 agendum
655 873 724 914 cum
739 856 874 932 parocho
890 855 1056 932 utriusque
1070 855 1243 916 iuramenti

167 986 169 990 .
277 949 401 1009 macula
422 948 556 1028 polluto,
578 953 612 1009 et
634 967 715 1009 nunc
736 947 963 1026 poeniteutiam
984 953 1129 1026 petente,
1152 968 1241 1026 quem

278 1047 405 1103 constat
426 1042 715 1120 pseudo-episcopo,
739 1042 901 1102 schismati
923 1042 1086 1103 multoties
1107 1042 1243 1102 favisset

278 1138 344 1204 Qua
365 1137 489 1196 ratione
510 1135 570 1212 ipsi
591 1136 782 1213 iniungenda
803 1136 1002 1209 retractatio,
1024 1155 1115 1214 quam
1138 1136 1166 1196 si
1188 1156 1243 1213 pu-

279 1231 393 1291 blicam
414 1230 555 1300 emittat,
577 1228 776 1289 ineluctabili
799 1215 872 1290 nece
894 1230 1002 1289 statim
1025 1230 1206 1306 plecteturl

338 1325 379 1384 R.
397 1325 441 1384 Ad
456 1325 592 1401 primum
607 1323 734 1385 dubium
750 1324 982 1383 rescribendum
1005 1323 1181 1382 mandavit:
1194 1329 1243 1382 re'·
1291 1321 1292 1360 l

279 1417 369 1496 gulas
390 1419 560 1477 servandas
581 1435 638 1494 pro
660 1415 915 1478 reconciliatione
929 1415 1056 1492 parochi
1079 1415 1243 1492 utriusque
1291 1477 1292 1482 .

277 1511 448 1572 iuramenti
470 1505 593 1570 macula
613 1509 742 1586 polluti,
766 1527 847 1568 nunc
869 1527 945 1568 vero
967 1509 1172 1586 poenitentis,
1189 1527 1243 1585 pro

278 1624 314 1665 eo
336 1603 474 1681 praecise
496 1605 575 1680 quod
598 1605 721 1680 spectat
742 1601 836 1678 primi
858 1601 1028 1661 iuramenti
1050 1601 1242 1678 praestatio-
1291 1625 1292 1682 j

279 1716 361 1770 nem,
377 1695 567 1756 constitutas
587 1697 627 1754 ab
641 1695 747 1755 eadem
763 1695 939 1754 Sanctitate
956 1713 1012 1754 sua
1025 1694 1121 1753 fuisse
1137 1693 1170 1751 in
1186 1693 1242 1752 lit·
1291 1729 1292 1736 .

278 1790 357 1851 teris
378 1789 573 1866 apostolicis,
596 1789 657 1848 diei
681 1790 719 1850 19
739 1788 849 1851 martii
872 1787 1019 1865 1792(1);
1036 1805 1093 1864 pro
1107 1805 1143 1846 eo
1166 1804 1241 1846 vero
1291 1859 1292 1870 ἵ

280 1885 360 1960 quod
383 1885 505 1959 spectat
526 1883 651 1942 secundi
674 1881 846 1942 iuramenti
868 1881 1125 1958 praestationem,
1153 1899 1244 1957 paro-
1291 1883 1292 1890 ’

279 1978 371 2036 chum
386 1977 550 2038 consulere
564 1977 676 2036 debere
691 1973 903 2034 conscientiae
918 1993 1004 2047 suae,
1020 1992 1088 2032 cum
1104 1973 1137 2031 in
1152 1973 1245 2032 dubio

279 2072 387 2130 iurare
409 2088 469 2128 nou
498 2068 605 2128 liceat.
629 2071 759 2130 Domum
781 2067 915 2127 attentis
936 2067 1147 2144 peculiaribus
1169 2067 1244 2126 facti

278 2164 544 2236 circumstantia,
568 2164 701 2242 benigue
730 2163 905 2235 concessit,
929 2165 964 2222 ut
992 2162 1119 2222 differre
1147 2162 1245 2238 possit

279 2257 540 2319 retractationem
563 2257 720 2334 publicam
742 2256 848 2315 civilis
870 2256 1040 2316 iuramenti
1062 2256 1100 2314 ad
1124 2258 1244 2333 tempus

279 2351 413 2413 arbitrio
435 2349 716 2424 administratoris,
739 2369 799 2408 non
822 2350 1046 2427 praetermissa
1067 2354 1173 2408 tamen
1196 2368 1246 2408 re·

238 2440 241 2444 ’
279 2445 470 2506 tractatione
486 2445 640 2522 praedicti
661 2445 832 2504 iuramenti
848 2448 968 2504 secreto
983 2443 1126 2505 facienda
1138 2461 1244 2504 coram

279 2539 455 2600 catholicis.

339 2634 370 2692 3.
394 2631 472 2698 Quid
494 2631 650 2707 agendum
678 2647 747 2688 cum
775 2630 901 2690 secundi
929 2629 1133 2707 aequalitatis
1154 2633 1189 2689 et
1209 2628 1245 2688 li·

278 2726 415 2787 bertatis
436 2723 605 2786 iuramenti
628 2723 698 2784 labe
720 2725 871 2802 pollutis,
895 2725 920 2786 si
942 2723 1172 2802 poenitentiam
1195 2741 1246 2800 pe·

278 2825 362 2894 tant,
386 2838 443 2880 nec
464 2823 533 2880 tute
556 2818 743 2896 praestitum
766 2819 977 2880 iuramentum
1000 2819 1123 2896 publice
1144 2823 1246 2879 retra·
1291 2851 1292 2914 l

278 2915 386 2975 ctandi
408 2933 477 2990 spes
498 2914 566 2973 ulla
587 2913 759 2990 affulgeat?

339 3008 381 3065 R.
403 3009 450 3066 Ad
473 3009 639 3065 secundum
663 3007 789 3066 dubium
812 3007 1046 3066 rescribendum
1068 3005 1244 3064 mandavit:

281 3100 359 3161 satis
380 3117 446 3158 esse
464 3101 548 3174 'quod
562 3098 588 3156 si
610 3099 842 3174 praestiterunt
857 3101 1069 3160 iuramentum
1083 3099 1245 3160 libertatis

279 3197 313 3254 et
333 3193 536 3269 aequalitatis
567 3193 734 3255 consulant
761 3194 971 3254 conscientiae
996 3213 1092 3266 suae,
1115 3213 1185 3253 cum
1216 3195 1245 3252 in

280 3287 373 3346 dubio
395 3287 502 3346 iurare
524 3307 584 3346 nou
606 3286 713 3361 liceat,
737 3307 834 3364 neque
858 3288 925 3347 ulla
945 3287 1016 3364 lege
1038 3305 1133 3362 usque
1156 3286 1244 3344 modo

280 3379 448 3457 obstringi,
465 3383 599 3440 nondum
622 3381 746 3457 prolato
767 3380 883 3440 iudicio
898 3379 1088 3440 Sanctitatis
1110 3398 1195 3451 suae,
1210 3379 1246 3438 ad

279 3475 484 3536 emittendam
505 3475 686 3534 huiusmodi
707 3475 878 3536 iuramenti
893 3474 1165 3536 retractationem.

343 3593 379 3648 (1)
397 3591 454 3642 Vol.
475 3593 497 3638 1.
515 3603 573 3650 pag.
586 3591 643 3643 265.
