2606 4268
245 373 331 435 pore,
353 355 524 433 multisque
545 355 691 434 egregiae
713 355 843 433 pietatis
863 355 1018 432 exemplis
1032 355 1219 432 comproba-

246 454 299 511 tus
325 451 449 511 animus
476 453 582 524 Tuus,
604 450 657 528 qui
678 452 894 528 quodcumque
922 451 976 512 Dei
1002 457 1036 511 et
1057 451 1216 512 Ecclesiae

245 563 383 619 oausam,
405 544 621 622 iustitiaeque,
643 563 680 604 ac
701 545 801 622 ipsius
821 547 917 606 etiam
939 545 1149 605 humanitatis
1164 562 1218 603 ra·

245 639 364 700 tionem
386 639 528 716 respicit,
545 639 574 698 id
591 639 692 716 ipsum
708 657 765 700 sua
779 643 888 715 sponte
902 638 1110 717 aggreditur,
1127 655 1217 697 suae-

246 751 307 810 que
333 732 491 810 po-teutiae
510 732 605 792 robur
623 733 701 796 illue
721 732 872 795 intendit.
896 733 965 794 Etsi
987 750 1105 792 morem
1132 733 1216 791 huuc

246 828 348 887 'l'uum
371 845 430 887 nou
453 826 646 904 ignoremus,
670 831 776 888 tamen
799 847 858 888 non
879 845 1042 906 possumus
1057 845 1139 886 nune
1154 845 1214 885 non

248 921 450 980 vehementer
471 922 620 998 gaudere,
644 939 680 980 ac
702 921 775 980 Tibi
797 921 858 998 ipsi
881 922 1043 982 declarare
1065 920 1215 998 gaudium

248 1015 306 1074 hoc
328 1015 365 1074 de
386 1015 431 1072 ‘l'e
451 1015 626 1088 Nostrum,
648 1033 718 1074 cum
740 1014 902 1076 videamus
923 1020 988 1075 tam
1014 1015 1213 1093 praeclaras,

247 1111 374 1184 tamque
400 1112 592 1184 opportunas
619 1127 638 1168 a
659 1111 703 1168 Te
724 1108 840 1185 suscipi
862 1111 969 1186 partes
993 1107 1215 1168 meritissimae

246 1200 337 1262 Fidei
360 1201 559 1262 confessores
580 1201 764 1278 recipiendi,
787 1202 931 1275 iuvandi,
953 1201 1164 1272 sustentandi,
1180 1218 1216 1261 ao

248 1294 345 1356 etiam
367 1297 434 1354 Tuo
455 1295 612 1372 exemplo,
635 1297 704 1355 Tua
724 1295 886 1374 encyclica
897 1295 1040 1372 Epistola
1053 1293 1214 1355 excitandi

246 1392 370 1450 ceteros
391 1389 579 1467 praesertim
602 1389 782 1466 Religiosos
802 1391 908 1464 Viros,
929 1407 1060 1467 quorum
1085 1388 1119 1447 in
1145 1389 1215 1446 Tua

246 1483 400 1556 Bavaria,
430 1483 603 1554 Goeuobia‚
626 1502 662 1543 ac
682 1484 877 1544 Monasteria
901 1487 976 1544 sont
1003 1482 1157 1561 plurima;
1181 1481 1214 1540 ia

246 1576 358 1653 quibus
373 1576 404 1635 in
425 1576 497 1636 illos
512 1577 672 1654 prologos,
688 1581 887 1637 excrescente
902 1578 933 1636 in
950 1579 1016 1636 dies
1032 1594 1141 1636 eorum
1158 1594 1214 1634 nu·

246 1687 345 1743 mero,
368 1670 534 1746 hospitalis
549 1670 691 1730 charitas
705 1674 862 1747 tamquam
878 1672 914 1730 in'
932 1671 1050 1732 iratres
1070 1668 1213 1730 exerceri

245 1763 356 1840 possit,
379 1781 476 1840 eaque
498 1763 713 1824 ecclesiastica
727 1765 806 1826 bona
819 1761 950 1841 quorum
965 1765 1031 1824 illis
1046 1764 1137 1841 copia
1151 1782 1213 1823 uon

189 1917 192 1926 ,
246 1859 347 1937 deest,
368 1875 438 1916 eum
461 1857 575 1916 eisdem
598 1859 648 1934 pie
670 1858 868 1941 libenterque
896 1857 1131 1918 communicari.
1287 1917 1288 1956 ,

304 1951 365 2011 llla
385 1950 530 2026 Epistola
552 1953 619 2011 Tua
634 1951 683 2011 die
699 1953 740 2014 25
756 1952 893 2013 ianuarii
916 1953 1009 2013 huius
1030 1951 1104 2012 anni
1121 1951 1213 2028 plana
1287 2009 1288 2034 ,

118 2127 121 2134 Ι
245 2045 406 2105 consentit
431 2063 500 2106 cum
528 2046 697 2122 illaquam
719 2049 783 2108 Nos
812 2047 873 2124 ipsi
902 2047 952 2106 die
972 2047 1010 2108 21
1034 2045 1213 2106 novembris

245 2139 320 2199 anni
343 2139 421 2200 1792
442 2140 640 2200 dedimusad
663 2140 935 2217 Archiepiscopos,
949 2140 1130 2216 Episcopus,
1148 2139 1214 2198 Ab·

245 2231 346 2305 bates,
368 2233 571 2306 Abbatissas,
594 2233 758 2309 capitula,
780 2235 966 2312 clerumque
989 2238 1054 2294 tam
1075 2231 1215 2292 saecula·

129 2340 131 2346 ’
245 2343 333 2398 rem,
362 2344 453 2402 quam
475 2326 656 2402 regularem
679 2328 879 2400 Germaniae,
902 2328 990 2387 cuius
1012 2345 1070 2388 non
1094 2325 1214 2385 medio·
1288 2387 1289 2390 ,

244 2435 327 2480 orem
340 2419 502 2479 exstitisse
516 2420 658 2496 pluribus
672 2421 704 2478 iu
722 2421 798 2480 loeis
813 2421 950 2482 fructum
964 2421 1077 2482 laetati
1092 2438 1212 2479 sumus.

245 2511 280 2572 Si
295 2512 360 2572 sors
380 2513 463 2572 istuc
483 2513 620 2574 eiusdem
636 2531 708 2574 rara
723 2516 928 2590 pervenerint
946 2514 1107 2590 exempla,
1120 2514 1214 2591 plura

246 2621 328 2665 nunc
350 2606 530 2666 transmitti
551 2609 733 2680 mandamus
753 2609 791 2666 ad
814 2609 893 2666 Ven.
917 2608 972 2667 Fr.
997 2607 1111 2668 lolium
1138 2609 1215 2668 Cae·

245 2719 346 2762 sarem
373 2695 649 2780 Archiepiscopum
678 2703 893 2774 Athenarum,
920 2701 1124 2762 Ordinarium
1145 2702 1213 2762 No-

244 2800 346 2856 strum
368 2797 448 2873 apud
472 2797 517 2856 'le
537 2796 706 2866 Nomium,
723 2813 801 2872 quae
816 2796 854 2857 ab
868 2790 904 2854 eo
926 2794 1000 2854 istic
1022 2795 1135 2871 ubique
1149 2796 1214 2856 dis·

244 2889 440 2965 pertiantur,
464 2893 502 2949 ut
523 2889 667 2948 omnibus
688 2891 808 2966 pateat,
829 2891 949 2964 quauta
969 2888 1013 2949 sit
1033 2889 1155 2950 Nostra
1175 2890 1214 2946 de

244 2982 409 3060 emigratis
429 2983 659 3042 Ecclesiasticis
678 2982 870 3055 sollicitudo,
886 3001 1040 3059 quamque
1061 2982 1213 3042 eiusmodi

244 3075 412 3136 charitatis
425 3093 537 3135 munus
549 3075 710 3135 incumbat
724 3077 754 3136 in
770 3076 899 3136 Fideles·
911 3095 1028 3150 omues,
1046 3077 1213 3153 praecipue

243 3187 331 3240 vero,
354 3169 407 3246 qui
429 3169 460 3228 in
482 3169 575 3230 Olero
597 3173 682 3240 sunt,
706 3171 819 3248 quique
840 3171 922 3230 alios
943 3172 1058 3230 debent
1071 3173 1130 3230 hae
1145 3171 1214 3246 ipsa

243 3261 364 3339 pietate
387 3265 583 3338 praecedere.
607 3263 826 3324 Hortationem
843 3264 932 3322 illam
950 3264 1113 3336 Nostram,
1131 3281 1214 3323 nova

244 3373 280 3415 ae
301 3357 369 3414 Tua
390 3354 569 3414 confirmari
590 3355 723 3414 mirifice
745 3357 927 3434 gaudemus,
952 3356 1104 3432 valdeque
1120 3356 1215 3415 confl-

243 3448 346 3508 dimus
357 3447 426 3507 fore
438 3455 474 3508 ut
487 3447 644 3508 communi
660 3465 786 3524 operae,
799 3465 954 3524 curaeque
966 3449 1103 3510 Nostrae
1114 3450 1212 3508 abun·

242 3541 280 3600 da
302 3540 453 3600 satisfieri
474 3540 512 3602 ab
526 3541 668 3600 omuibus
681 3541 817 3602 Nostrae
832 3539 954 3616 pariter
967 3540 1111 3617 exemplo
1127 3559 1213 3600 eom·
