2606 4268
665 302 823 360 ...64-

702 471 784 530 xv.

576 593 770 652 iuuentem
791 591 911 636 rasum

529 727 531 732 ¹
612 733 882 796 AUGUSTO

586 903 745 983 Episcopo
764 903 914 980 Spirensi
951 918 953 922 ’

476 1072 648 1153 PIUS
702 1070 893 1146 ΡΑΡΑ
948 1067 1015 1146 Vl.

386 1279 474 1336 ven.
494 1277 629 1344 Frater,
641 1273 795 1332 Salutem
816 1275 852 1330 et
871 1271 1109 1342 apostolicam

599 1371 895 1430 Benedictlonem.

326 1538 416 1598 Misit
429 1537 466 1596 ad
487 1536 551 1596 Nos
574 1537 611 1594 de
633 1535 780 1594 mandato
794 1529 1010 1592 fraternitatis
1026 1536 1098 1590 tuae
1111 1531 1233 1590 Noster
1286 1479 1287 1568 l

266 1630 455 1708 apostolicus
484 1627 612 1688 nuntius
632 1627 931 1686 Palatino-bavarus
953 1627 1029 1684 duas
1052 1623 1230 1700 pastorales

266 1723 417 1801 epistolas
437 1741 456 1782 a
476 1726 508 1780 te
523 1720 692 1794 coniectas,
705 1720 839 1780 alteram
854 1720 1007 1780 directam
1028 1719 1111 1778 clero
1127 1718 1233 1794 partis

266 1816 415 1876 dioecesis
437 1813 592 1874 exstantis
613 1815 645 1872 in
678 1813 822 1884 Amatis,
838 1813 981 1873 Olterem
1009 1812 1121 1888 populo
1146 1813 1232 1871 eius-

266 1913 336 1970 dem
350 1907 451 1985 partis
472 1907 633 1974 dioecesis:
645 1924 698 1966 eas
720 1925 779 1967 non
802 1906 980 1966 dubitamus
995 1907 1087 1982 plane
1109 1905 1234 1964 unifor-

267 2023 332 2064 mes
343 2022 408 2064 esse
421 2003 504 2074 aliis,
513 2019 589 2079 quas
600 2001 696 2063 Nobis
706 2003 877 2062 reddendas
889 2000 1095 2060 transmisisti
1110 2001 1232 2077 (quemff

266 2099 431 2159 admodum
453 2115 493 2156 ex
507 2095 733 2156 recentioribus
755 2096 819 2155 tuis
842 2095 891 2154 die
916 2095 953 2153 17
974 2093 1110 2153 octobris
1133 2092 1232 2152 intel-

266 2189 423 2268 leximus)
444 2190 637 2250 Bernardino
664 2187 845 2265 Bonllglioli
874 2192 1001 2247 tuorum
1031 2186 1231 2264 negotiorum

267 2285 397 2363 gestori,
411 2303 487 2361 quus
509 2290 613 2345 tamen
635 2301 672 2342 eo
687 2284 726 2344 ab
747 2283 825 2342 urbe
846 2284 947 2342 adhuc
967 2283 1107 2352 absente,
1123 2283 1233 2340 hacte-
1286 2335 1287 2340 ,

266 2397 324 2438 nus
346 2397 406 2438 non
428 2377 612 2455 accepimus.
630 2377 671 2437 lie
692 2377 902 2454 pastoralibus
924 2376 1068 2454 epistolis
1090 2375 1155 2434 tuis
1179 2393 1233 2452 vo-

265 2469 355 2532 luisti
370 2488 426 2548 pro
448 2474 504 2532 tua
517 2469 684 2548 episcopali
696 2469 910 2530 sollicitudine
925 2469 1008 2528 viam
1024 2469 1164 2528 iudicare
1180 2467 1231 2527 illi
1286 2459 1287 2470 ’

266 2565 352 2624 clero
373 2567 406 2624 et
427 2565 551 2642 populo,
568 2581 628 2640 qua
649 2563 763 2623 debent
783 2563 977 2623 difficillimis
999 2563 1085 2622 hisce
1107 2565 1230 2638 tempo-

266 2657 353 2720 ribus
373 2659 547 2731 ambulare,
571 2677 608 2718 ue
629 2655 789 2718 offendant
809 2659 846 2718 ad
869 2657 1006 2734 lapidem
1027 2656 1121 2732 pedes
1143 2672 1229 2714 suos.

266 2754 422 2828 Utresque
442 2750 534 2812 avide
555 2751 758 2828 perlegimus,
785 2753 967 2827 attenteque
995 2748 1229 2826 perpendimus3

267 2849 360 2924 atque
381 2846 413 2906 in
435 2847 577 2924 utrisque
598 2845 796 2924 perlegendis
817 2863 1012 2922 summopere
1032 2842 1144 2905 laetati
1171 2861 1229 2902 su·

267 2957 348 3012 mue,
361 2941 589 3019 intelligentes,
602 2959 662 3017 qna
672 2940 796 3000 virtute
810 2940 1011 3000 Frateruitae
1023 2943 1079 2998 tua
1092 2939 1124 2996 in
1136 2954 1232 2998 eausa

269 3052 328 3094 non
350 3034 450 3093 solum
464 3035 601 3107 Nostra,
621 3033 769 3109 sedisque
791 3035 915 3101 sanetae
938 3017 1148 3110 apostolieae,
1177 3031 1231 3090 sed
1286 3011 1287 3096 l

268 3131 301 3188 et
322 3126 485 3188 universae
507 3127 579 3186 fidei
595 3125 766 3186 catholicae
780 3126 931 3187 adversus
953 3144 1004 3186 eos
1026 3144 1058 3185 ee
1081 3127 1230 3203 gesserit,

268 3220 321 3297 qui
345 3220 520 3279 novissimis
541 3220 625 3280 hisee
638 3220 830 3298 temporibus
844 3222 1043 3282 attendentes
1065 3218 1231 3296 spiritibus

268 3314 386 3376 erroris
400 3315 557 3376 doctrinas
585 3316 764 3392 prurientes
785 3317 914 3377 auribus
942 3313 1166 3384 disseminant,
1196 3314 1232 3372 ut

268 3410 423 3469 abducant
436 3408 586 3485 plurimos
601 3415 671 3486 post
686 3428 736 3482 sex
753 3414 786 3468 et
799 3427 860 3486 qua
875 3409 946 3482 fide,
959 3427 1019 3486 quo
1034 3407 1100 3468 zelo
1115 3407 1229 3466 salutis

268 3503 457 3574 animarum,
480 3521 540 3578 qua
554 3503 672 3580 pietate
693 3507 726 3562 et
751 3503 917 3579 prudentia
938 3503 1054 3562 eisdem
1076 3500 1182 3577 impiis
1197 3503 1230 3558 et

198 3597 200 3601 ⁴
269 3597 474 3660 schismaticis
487 3597 661 3656 hominibus
678 3598 709 3654 in
724 3597 849 3658 Alsatia
864 3597 966 3656 omnia
981 3615 1034 3656 sus
1050 3597 1147 3672 deque
1158 3612 1232 3654 ver-
