2632 4262
647 281 826 342 -330-

250 382 410 448 labuntur.
423 390 448 448 l.
458 388 528 448 331.
538 389 704 450 -Admissa
715 385 1041 465 religionis'libertate
1053 387 1085 447 in
1097 388 1225 462 Gallia,

251 480 406 541 catholica
427 483 533 542 tumen
555 481 622 546 sola
642 483 783 542 vetatur.
797 483 838 542 II.
856 481 907 542 28.

310 575 554 636 Reservationes
566 593 672 635 omnes
685 575 883 636 dioecesanas
893 579 1091 652 peccatorum
1104 578 1139 635 ot
1151 595 1231 635 ceu·

253 684 400 730 surarum
416 687 488 730 num
503 669 674 746 Episcopus
687 669 811 730 iuratus
830 667 944 730 tollere
966 669 1078 745 possit.
1091 670 1133 729 ΙΙ.
1150 669 1226 729 142.

312 764 471 837 Responsa
485 761 649 822 Pontificio
670 761 732 821 etsi
754 761 913 821 nonnullis
935 763 1059 822 tautum
1080 761 1230 838 petenti·

250 855 307 914 bus
329 852 450 914 tradita
476 854 542 915 siut
556 857 687 932 propter
700 854 875 932 peculiares
889 871 1090 916 aerumnosas
1111 855 1229 933 singu-

252 945 355 1008 lorum
376 945 642 1023 circumstantias,
657 949 838 1010 adiumento
859 952 964 1010 tamen
986 947 1227 1026 quammaximo

251 1057 317 1100 eise
338 1043 469 1118 possunt
481 1041 655 1120 Episcopis,
671 1043 724 1120 qui
745 1041 772 1102 si
793 1041 878 1104 forte
899 1042 932 1102 in
954 1044 1077 1102 eosdem
1099 1041 1227 1101 incide·

251 1133 319 1194 rint
339 1151 452 1207 casus,
482 1135 600 1196 habent
626 1137 707 1196 uude
735 1135 878 1213 regulam
904 1135 1070 1196 desumant
1097 1135 1226 1194 tutissi-

251 1243 344 1287 mam.
362 1228 402 1288 ΙΙ.
421 1226 474 1288 83.
541 1272 544 1277 -

311 1319 512 1382 Retractatio
526 1319 671 1384 facienda
691 1339 709 1382 a
730 1321 845 1382 iuratis
867 1325 1034 1399 antequam
1054 1321 1227 1384 absolvan-
1297 1309 1298 1382 l

254 1416 321 1473 tur.
334 1415 374 1475 11.
388 1414 599 1481 tid-Quando
621 1415 720 1492 possit
742 1415 876 1475 differri.
891 1416 944 1477 96.
957 1415 1062 1482 -Quid
1078 1415 1175 1486 iuris,
1199 1414 1227 1474 si

252 1510 427 1585 denegetur
449 1508 500 1568 vel
523 1513 690 1570 revocetur
710 1513 780 1586 post
800 1514 960 1587 acceptam
974 1508 1224 1569 absolutionem.
1297 1521 1298 1560 i

255 1599 327 1661 150.
343 1633 360 1646 -
377 1601 457 1668 Quid
479 1604 634 1680 agendum
656 1607 691 1664 ut
712 1603 837 1681 publica
858 1602 951 1664 siti.
965 1603 1035 1664 259.

310 1695 556 1756 Revocationem
590 1697 844 1772 Apostolicorum
877 1697 1115 1768 Litterarum.
1145 1712 1225 1773 quas

251 1787 330 1848 Pius
354 1789 396 1848 VI
418 1787 548 1848 dederat
568 1789 653 1849 circa
674 1790 850 1851 Galliarum
875 1789 1025 1867 negotia,
1041 1789 1223 1866 praefracte

252 1880 354 1958 exigit
369 1881 580 1941 Direotorium
595 1884 830 1959 Exequutivum
847 1883 1015 1944 Gallicum:
1032 1901 1126 1960 quam
1140 1884 1225 1942 Pon-

251 1973 331 2034 tifex
354 1974 486 2036 fortiter
507 1978 541 2035 et
562 1979 744 2037 constanter
766 1979 910 2055 denegat.
928 1978 968 2036 II.
985 1976 1057 2036 234.

310 2067 525 2128 Rhodanousia
550 2069 723 2147 Episcopus
751 2073 876 2130 recusat
904 2069 1073 2129 instituere
1103 2087 1224 2128 novum

250 2158 436 2238 Episcopum
465 2163 746 2239 Oorosopitensem.
776 2163 851 2223 Eius
880 2181 917 2224 ea
943 2164 980 2222 de
1008 2180 1043 2222 re
1066 2161 1222 2224 orationis

251 2251 331 2312 laus.
345 2255 369 2312 1.
383 2254 434 2315 59.
445 2257 605 2334 -Egregia
626 2257 693 2318 eius
714 2257 873 2334 responsio
889 2259 928 2317 ad
943 2256 989 2317 La
1003 2255 1064 2316 Goz
1089 2257 1222 2334 pseudo·
1298 2333 1299 2336 Ἴ

254 2346 391 2407 electum
412 2349 449 2408 ad
473 2349 686 2427 episcopatum
707 2352 746 2410 dc
769 2349 856 2411 l'Islc
881 2350 1165 2412 Vilainc.l.132.·

314 2441 500 2500 Rhemensis
524 2443 787 2520 Archiepiscopus
816 2443 1056 2504 instructionem
1080 2461 1100 2503 a
1125 2461 1157 2502 se
1182 2461 1220 2503 ac

250 2531 431 2609 provinciae
454 2551 528 2594 suae
548 2536 710 2614 Episcopis
734 2538 954 2598 concinnatam
975 2535 1064 2598 Sedis
1086 2537 1221 2613 Aposto-

252 2625 332 2687 licae
353 2625 467 2686 iudicio
489 2627 628 2689 subiicit.
646 2631 686 2689 Π.
705 2630 776 2691 124.

312 2719 413 2798 Rigor
434 2720 581 2798 antiquae
602 2723 761 2783 Ecclesiae
783 2741 860 2800 erga
881 2721 1013 2783 clericos
1041 2719 1220 2781 schismati-

251 2831 304 2874 cos
325 2815 378 2874 vel
399 2815 586 2876 haereticos.
603 2818 628 2877 I.
641 2818 713 2877 318.
726 2819 784 2878 -A
805 2818 944 2881 Nicaeuo
965 2819 980 2900 1
1001 2815 1135 2877 concilio
1156 2815 1220 2875 dis·

252 2909 430 2985 pensatorie
451 2910 625 2970 emollitus.
642 2913 667 2970 I.
684 2911 755 2972 319.

311 3004 573 3081 Rothomagensis
593 3003 853 3082 Archiepiscopus
882 3002 1081 3084 (Dominicus
1108 2999 1219 3062 Cardi-

251 3093 334 3153 nalis
355 3097 626 3175 Rupeiucaldius);
643 3098 763 3157 Summi
784 3097 948 3158 Pontificio
962 3097 1000 3157 ad
1015 3113 1085 3156 eum
1100 3093 1225 3172 episto--

251 3187 312 3246 lae.
337 3188 363 3246 I.
387 3188 436 3261 19,
452 3189 504 3264 62,
519 3190 591 3263 257,
618 3190 689 3250 297.
707 3191 774 3250 -II.
793 3189 862 3264 105,
881 3189 950 3250 151.
965 3187 1036 3250 203.
1053 3187 1218 3248 ·Admini-

252 3280 412 3340 strandam
434 3281 566 3358 suscipit
587 3284 857 3346 Constantieusem
877 3282 1062 3344 Ecclesiam.
1086 3283 1127 3342 ll.
1145 3279 1215 3344 203.

310 3374 555 3452 Rupeiucaldius
570 3379 746 3450 cardinalis
760 3377 939 3439 Dominicus
952 3376 1216 3454 Archiepiscopus

251 3468 533 3546 Rothomagensis3
558 3469 723 3530 Pontificis
751 3471 789 3531 ad
818 3488 888 3531 enm
916 3470 1081 3548 epistolae.
1107 3471 1144 3530 I.
1166 3470 1214 3544 19,

248 3561 836 3638 mmmmmmm
