2632 4262
281 389 314 445 et
335 385 545 458 Pontificem,
569 388 602 444 et
623 385 801 461 Principem
822 384 1018 456 ostenderit;
1046 385 1134 442 certe
1164 379 1249 439 illud

282 487 404 558 tempus
432 487 508 553 est,
544 498 583 540 ox
612 498 672 557 quo
700 480 864 540 Gallorum
895 479 1002 557 erupit
1032 478 1136 555 palam
1168 493 1251 554 per-

284 575 413 636 duellio.

343 669 427 728 Nota
446 667 527 725 enim
544 670 662 726 suntet
672 666 807 726 omnium
823 667 967 726 laudibus
981 662 1249 734 celebratissima,

283 779 361 836 qnae
383 761 438 820 ille
462 764 537 820 tnnc
559 764 593 818 et
614 761 734 837 ceperit
754 759 906 833 consilia,
928 763 962 819 et
983 757 1185 834 Principibus
1213 759 1250 814 ut

283 856 432 931 caperent
453 853 607 913 suaserit:
632 854 816 931 omninoque
837 853 869 912 in
892 871 1012 913 summa
1025 851 1165 911 omnium
1180 851 1249 907 tre·

284 946 446 1022 pidatione
473 953 643 1022 metuque,
673 947 828 1005 communi
857 945 955 1006 totius
980 944 1065 1004 orbis
1094 941 1249 1017 suffragio

284 1057 364 1098 unus
386 1039 582 1116 potissimum
605 1039 682 1098 Pius
703 1039 853 1115 Princeps
874 1039 1010 1098 omnium
1026 1041 1060 1096 et
1074 1036 1247 1104 maximus,

284 1137 317 1193 et
338 1134 407 1194 loco
430 1152 484 1193 suo
506 1133 707 1210 dignissimus
731 1133 931 1194 existimatus
954 1137 1013 1192 est.
1031 1135 1075 1192 At
1103 1143 1180 1190 vero
1210 1127 1248 1187 ab

285 1229 342 1287 hac
363 1232 454 1287 tanta
483 1227 700 1302 magnitudine
726 1227 822 1286 animi
847 1231 939 1303 atque
968 1225 1147 1286 constantia
1171 1222 1248 1299 quid

284 1321 343 1380 sibi
365 1322 439 1380 Pius
460 1321 605 1398 polliceri
627 1326 751 1398 posset,
774 1337 842 1380 cum
866 1322 968 1380 minae
990 1321 1076 1397 ipsae
1101 1318 1248 1378 declara-

284 1413 372 1487 bant,
389 1417 455 1473 tum
471 1414 566 1491 Regis
587 1413 849 1474 christianissimi
872 1433 907 1473 ac
930 1413 1162 1490 religiosissimi
1175 1428 1249 1468 cru·

284 1509 353 1567 dele
375 1512 408 1568 et
426 1508 622 1567 lacrimabile
643 1508 845 1584 exemplum,
865 1512 899 1568 et
920 1509 1013 1585 paulo
1028 1511 1097 1585 post
1111 1507 1248 1581 sequuta
1303 1589 1304 1592 Ἴ

285 1599 398 1660 similis
428 1600 653 1658 Serenissimae
680 1603 822 1676 Reginae
845 1620 928 1674 nex,
953 1605 985 1660 et
1012 1600 1106 1677 Regii
1131 1597 1248 1658 Adole-
1303 1619 1304 1660 ς

284 1692 399 1752 scentis
432 1693 557 1769 ipsaque
586 1693 688 1769 prima
713 1697 819 1752 aetate
849 1696 983 1753 nondum
1011 1709 1139 1770 peccare
1162 1687 1246 1748 docti

285 1785 457 1856 interitus,
480 1789 514 1844 et
534 1787 651 1866 Regiae
674 1787 924 1863 tenerrimaeque
947 1787 1089 1863 Virginis
1111 1785 1167 1842 vix
1190 1783 1248 1840 im·

285 1881 411 1953 patrata
432 1878 585 1954 depulsio,
608 1878 841 1954 internecioque
862 1879 1065 1953 Nobilitatis3
1088 1883 1143 1949 et,
1166 1895 1246 1954 qnae

286 1971 423 2030 dolorem
448 1973 604 2048 augebat,
628 1971 655 2030 si
676 1971 739 2030 iam
768 1973 878 2048 augeri
908 1976 1058 2048 poterat,
1084 1969 1246 2032 Ecclesiae

286 2063 466 2124 Gallicanae
488 2065 757 2141 praeclarissimae
779 2065 921 2124 excisio:
945 2071 978 2125 et
1000 2066 1112 2126 deiecti
1139 2063 1248 2140 depul-

285 2158 372 2234 sique
387 2158 541 2235 Episcopi,
554 2164 587 2218 et
599 2159 748 2217 trucidati
765 2160 960 2229 Sacerdotes,
974 2159 1139 2235 profanata
1154 2161 1248 2216 Tem-

285 2251 349 2326 pla,
372 2267 500 2310 eversae
522 2254 614 2323 Arae,
638 2252 779 2327 direptae
801 2251 1014 2327 supellectiles
1029 2243 1043 2324 ,'
1059 2253 1192 2310 contusa
1214 2255 1247 2311 et

284 2343 424 2420 protrita
445 2345 538 2417 Vasa,
562 2346 658 2403 Sacra
679 2345 745 2421 ipsa
765 2346 923 2422 Mysteria
938 2346 1028 2422 (proh
1044 2345 1158 2422 dolori)
1173 2364 1247 2422 pro·

284 2423 379 2508 iacta,
404 2436 509 2507 irrisa,
532 2440 689 2514 despecta,
711 2439 903 2514 proculcata.
924 2441 1007 2498 Haec
1028 2443 1141 2511 erant,
1165 2457 1246 2515 quae

285 2546 448 2605 quemnam
476 2529 595 2589 exitum
624 2531 773 2592 habitura
800 2537 883 2590 esset
910 2534 1037 2592 Summa
1062 2533 1182 2609 Optimi
1212 2535 1246 2591 et

285 2621 417 2680 Maximi
439 2621 601 2682 Pontificis
622 2623 672 2682 Pii
694 2624 800 2683 virtus
821 2628 854 2684 et
875 2626 1053 2685 constantia
1067 2645 1127 2684 non
1143 2627 1245 2685 solum

285 2715 525 2791 portendebant,
549 2733 657 2775 verum
680 2717 764 2776 ferro
785 2718 852 2794 ipso
873 2722 905 2778 et
927 2721 1025 2778 adhuc
1046 2719 1186 2778 fumante
1209 2737 1245 2777 ac

285 2809 465 2868 exundante
479 2829 498 2869 a
512 2810 715 2869 cadaveribus
734 2811 884 2888 sanguine
896 2813 1143 2873 conclamabant.
1160 2815 1244 2880 Quae

287 2900 313 2958 si
336 2902 410 2960 Pius
433 2908 466 2962 et
487 2921 566 2962 unus
589 2905 724 2962 omnium
747 2904 883 2964 maxime
905 2905 999 2979 vidit,
1015 2907 1094 2965 etin
1110 2925 1176 2966 sese
1193 2927 1245 2984 po-

286 2992 444 3051 tissimum
465 2997 606 3072 expediri
629 2997 750 3071 sensit,
772 3003 804 3056 et
827 3002 930 3057 tamen
953 3016 1020 3057 eam
1042 2999 1243 3059 consiliorum

264 3153 266 3160 Ι
286 3103 412 3144 suorum
434 3089 586 3148 rationem
609 3109 730 3166 semper
749 3095 782 3150 et
796 3091 908 3167 ubique
931 3093 1057 3164 tenuit,
1073 3113 1151 3170 quae
1173 3096 1244 3154 uni-

286 3195 377 3236 verso
399 3183 558 3240 terrarum
580 3184 648 3241 orbi
670 3185 872 3244 admirationi
893 3185 971 3259 fuit,
995 3175 1140 3263 atquem
1164 3207 1243 3248 nunc

285 3271 486 3332 acerbissima
507 3275 648 3336 omnibus
664 3281 764 3338 morte
779 3279 923 3339 amissam
939 3299 1017 3354 esse,
1033 3283 1146 3340 Patres
1161 3281 1245 3342 Emi-

286 3365 474 3439 nentissimi,
497 3367 626 3442 lugetis3
650 3374 683 3428 et
703 3371 807 3430 luctus
828 3375 861 3432 et
883 3374 1003 3433 doloris
1025 3375 1126 3434 vestri
1146 3381 1242 3435 testes

286 3477 347 3518 non
368 3477 435 3518 esse
456 3460 633 3537 vultis,qui
654 3481 773 3523 summo
795 3466 826 3524 in
849 3467 937 3527 luctu
959 3469 997 3526 ob
1018 3471 1148 3528 eandem
1170 3489 1242 3530 oau-

286 3571 350 3614 sam
374 3571 501 3626 sumnS,
524 3573 645 3632 unaque
673 3559 920 3634 complorantem
949 3563 1109 3622 terrarum
1138 3565 1240 3624 orbem
