2632 4262
271 314 511 378 ada-Paratum
526 336 558 377 se
574 318 742 396 profitetur
753 320 906 380 adomnia
918 338 975 398 pro
987 318 1145 382 Ecclesiae
1164 319 1255 378 bono
1299 371 1300 390 ,

272 411 447 472 toleranda.
465 414 506 473 ll.
525 414 593 474 162.
605 414 779 486 -Einsdem
799 415 938 476 laudatio
962 413 1104 475 funebris
1126 414 1163 473 in
1189 431 1253 492 pa-

273 503 441 564 triarchali
461 507 583 566 Veneta
603 508 750 568 Basilica.
767 507 837 569 259.

333 599 552 659 Poenitentiae
574 603 762 662 sacramenti
783 602 815 661 in
838 601 950 662 alienis
971 601 1065 662 etiam
1086 600 1252 660 dioecesi·

272 694 329 755 bus
348 697 593 757 administratio.
610 700 651 759 Il.
669 699 738 759 111.

331 792 467 852 Pontisii
490 794 667 872 Parocbus;
691 795 812 856 Summi
832 795 995 857 Pontificis
1015 797 1054 855 ad
1076 813 1148 854 enm
1179 795 1250 872 epi·

274 883 367 945 stola.
385 888 410 946 I.
427 886 478 946 29.

333 981 541 1058 Propaganda
557 980 619 1058 (de)
631 981 709 1041 Fide
724 983 982 1062 congregationis
1000 983 1186 1046 Secreterio
1209 984 1248 1042 fit

273 1077 412 1152 potestas
433 1073 605 1150 recipiendi
632 1093 667 1136 ac
686 1075 843 1137 referendi
864 1079 991 1137 Summo
1013 1075 1165 1136 Pontifici
1190 1095 1247 1154 pe-

273 1165 406 1227 titiones
427 1183 484 1243 pro
505 1168 669 1229 catholicis
690 1171 875 1248 degentibus
897 1171 930 1230 in
953 1169 1029 1230 locis
1057 1169 1243 1230 Galliarum

273 1261 353 1338 Regi
373 1261 523 1321 subiectis
536 1305 544 1335 ,
557 1281 593 1322 ac
614 1280 672 1340 pro
693 1265 934 1325 conservatione
955 1268 989 1324 et
1010 1263 1243 1340 propagatione

273 1355 363 1416 Fidei
385 1358 423 1416 ad
445 1355 547 1416 instar
560 1357 694 1418 aliorum
711 1359 861 1431 locorum,
879 1359 911 1417 in
927 1359 1039 1436 quibus
1050 1361 1244 1434 grassantur

274 1449 429 1509 haereses.
447 1451 471 1510 l.
487 1449 578 1511 202-
592 1452 736 1512 Consulit
756 1453 939 1530 Oapuccinis
960 1452 1070 1512 eiectis
1092 1471 1109 1511 e
1131 1470 1245 1511 coeno·

274 1542 337 1602 bio.
354 1544 424 1604 374.
438 1575 455 1588 -
468 1544 634 1604 Helvetiae
648 1545 768 1606 Nuntio
788 1545 968 1623 Apostolico
988 1543 1161 1606 'facultates
1185 1545 1245 1603 tri·

273 1636 345 1696 buit
371 1654 427 1714 pro
456 1639 669 1698 sacerdotibus
697 1640 777 1716 Regi
809 1638 1072 1700 christianissimo
1104 1637 1242 1698 subditis

273 1729 390 1790 ibidem
406 1733 678 1793 commorantibus.
696 1733 766 1794 375.

333 1825 511 1886 Potestatis
530 1826 636 1886 civilis
656 1830 690 1886 et
711 1827 941 1888 ecclesiasticae
955 1845 1034 1904 quae
1048 1825 1234 1887 relationes.

274 1921 299 1980 l.
316 1921 367 1988 32.

333 2013 494 2074 Primatus
515 2015 647 2076 Romani
667 2016 831 2076 Pontificis
851 2035 870 2076 a
890 2013 1124 2075 Constitutione
1145 2013 1239 2074 civili

274 2106 353 2168 cleri
374 2107 550 2184 impetitus.
567 2110 591 2168 I.
609 2109 659 2168 73.

333 2201 649 2279 Pseudo-philosophi
672 2203 832 2262 libertatis
852 2201 1026 2278 speciosum
1047 2218 1157 2260 nomen
1186 2217 1237 2259 re-

273 2293 419 2371 periunt,
441 2297 534 2356 etad
556 2294 623 2354 eius
644 2294 765 2354 vexilla
786 2295 915 2372 populos
936 2297 1080 2355 evocant.
1098 2295 1138 2353 ll.
1154 2293 1206 2352 26.
1222 2324 1237 2338 -

272 2389 301 2448 A
323 2387 408 2446 clero
433 2388 594 2448 Gallicano
618 2391 651 2447 et
676 2407 694 2448 a
715 2390 841 2447 Summo
870 2387 1024 2447 Pontiflce
1046 2385 1236 2447 denuncian-

273 2483 338 2540 tur.
349 2480 426 2540 lbid.
444 2483 477 2540 et
491 2499 601 2558 seqq.-
612 2481 758 2540 Subditos
773 2483 810 2541 ad
827 2479 1031 2541 rebellionem
1052 2481 1163 2540 contra
1184 2481 1234 2540 do-

273 2573 431 2634 minantes
458 2576 618 2650 excitant;
645 2577 879 2653 aequalitatem
905 2575 1065 2635 hominum
1090 2575 1231 2635 intense
1299 2601 1300 2606 κ

274 2667 435 2728 iactitant.
453 2671 493 2730 ll.
509 2669 560 2731 26.
577 2670 722 2729 -Totam
746 2672 902 2747 Europam
918 2688 958 2729 ex
976 2669 1046 2729 odio
1071 2667 1233 2744 religionis

273 2763 467 2823 convellunt.
482 2765 521 2824 ll.
536 2763 587 2835 29,
599 2761 649 2823 30.
661 2766 732 2824 -Ut
746 2764 869 2840 regales
883 2767 1056 2840 potestates
1071 2761 1230 2834 deficiant,

273 2857 311 2916 ad
326 2855 559 2916 subversionem
574 2856 738 2934 religionis
754 2857 928 2918 catholicae
941 2857 1115 2934 adspirant.
1129 2857 1167 2914 Il.
1180 2855 1229 2914 33.

332 2951 509 3026 Puerperae
526 2969 584 3009 nou
600 2951 688 3024 licet,
704 2951 829 3028 expleto
851 2951 1030 3028 puerperio,
1043 2947 1231 3008 benedictio-

273 3059 342 3102 nem
358 3063 376 3104 a
390 3045 531 3106 Parocho
552 3045 603 3105 vel
624 3045 812 3124 presbytero
834 3045 939 3106 iurato
955 3045 1106 3121 recipere.
1124 3044 1163 3102 ll.
1178 3042 1226 3102 86.

734 3195 764 3252 R
782 3235 784 3241 ,

331 3322 560 3476 Recoaniliatio
595 3326 744 3387 ecclesiae
783 3291 840 3404 per
877 3325 1050 3404 simplicem
1094 3325 1229 3386 sacerdo·

274 3419 347 3477 tem.
374 3418 398 3476 I.
423 3417 494 3478 21.

273 3575 275 3580 ,
331 3513 432 3590 Reges
453 3510 632 3587 christiani,
655 3515 691 3572 ut
711 3513 860 3576 ecclesiae
882 3514 941 3576 filii
962 3518 996 3574 et
1017 3512 1156 3591 patroni,
1176 3515 1227 3575 do-
