2582 4270
275 373 450 445 exstincta,
473 367 557 429 ratio
581 365 691 427 habita
711 366 774 426 fnit
794 366 901 444 regiae
922 366 1100 444 dignitatis.
1120 365 1246 444 Corpus

275 472 344 532 eius
371 470 513 528 relatum
539 465 608 541 fmit
635 465 673 521 im
702 479 829 534 arcem,
852 470 883 521 et
904 463 1045 522 balsamo
1073 463 1245 522 conditum

275 564 451 641 repositum
473 562 511 619 im
533 561 650 628 locale,
675 565 832 632 paratum
858 556 901 617 ad
921 555 1140 633 sepeliendum
1148 599 1241 614 .....

275 657 518 732 domesticisque
539 661 570 712 et
589 654 753 711 ministris
773 654 971 724 iniunctum,
994 657 1032 708 mt
1053 649 1174 708 ibidem
1195 665 1245 707 re·

275 756 444 818 maneam,
472 764 510 806 ac
531 745 713 821 pristimum
736 752 869 815 statum,
894 750 925 804 et
947 743 1147 820 splendorem
1162 758 1244 802 com-

276 850 442 904 seroamtes
463 842 529 899 alio
549 855 616 897 mon
638 839 826 909 comedumt,
844 837 943 897 donec
965 836 1166 914 honorificae
1181 835 1244 894 ali·

276 938 331 998 cmi
350 937 536 1012 sepulturae
556 933 732 992 mandetur
746 930 802 1009 (l).
820 930 899 998 Quid
914 931 972 989 hoc
991 929 1150 1006 inexpleto
1173 928 1242 988 odio

276 1036 332 1092 tuo
354 1030 480 1090 tandem
507 1025 632 1085 lucrata
656 1023 773 1097 fueris,
800 1023 861 1083 nisi
885 1024 1037 1095 dedecus,
1064 1023 1241 1095 infamiam,

275 1127 370 1201 atque
384 1137 494 1198 regum
514 1137 549 1178 ac
572 1116 745 1194 principum
767 1115 904 1174 omnium
926 1115 1026 1174 multo
1047 1115 1241 1192 graviorem,

275 1235 367 1294 quam
389 1211 519 1291 quaein
541 1211 755 1272 Elisabetham
776 1207 912 1285 Anglam
940 1210 1123 1281 exarserat,
1145 1207 1243 1266 offen·

275 1310 404 1382 sionem,
426 1307 543 1378 odium,
567 1303 813 1382 indignationem
836 1300 901 1378 (2)t

335 1403 383 1462 Oh
406 1401 471 1461 dies
492 1399 651 1461 Ludovico
680 1394 900 1473 triumphalis!
924 1393 974 1453 cni
995 1396 1076 1454 Deus
1096 1393 1187 1453 dedit
1210 1395 1242 1452 et

275 1497 309 1556 in
331 1494 548 1574 persecutione
569 1491 783 1563 tolerantiam,
800 1500 833 1550 et
847 1489 879 1548 in
895 1487 1036 1565 passione
1058 1488 1238 1548 victoriam.

275 1591 428 1652 caducam
450 1603 595 1644 coronam
616 1584 748 1660 regiam,
765 1601 801 1642 ac
815 1581 905 1642 brevi
923 1580 1142 1641 evanescentia
1155 1581 1238 1653 lilia,
1281 1629 1282 1640 ,

275 1701 345 1742 cum
367 1678 496 1757 perenni
518 1677 583 1738 elia
604 1696 719 1738 corona
740 1696 780 1737 ex
801 1677 1032 1736 immortalibus
1057 1676 1240 1752 angelorum

275 1775 353 1836 liliis
374 1774 523 1832 contexta
543 1771 681 1830 feliciter
701 1771 791 1830 illum
812 1773 1017 1830 commutasse
1044 1769 1239 1828 confidimus.

336 1867 415 1934 Quid
431 1863 559 1925 interim
574 1864 671 1925 Nobis
690 1883 746 1941 pro
760 1867 877 1925 Nostro
893 1863 1057 1941 apostolici
1071 1861 1239 1922 ministerii

276 1959 374 2020 officio
396 1959 548 2035 agendum
568 1957 621 2029 sit,
638 1977 676 2016 ex
692 1959 725 2018 S.
742 1957 896 2017 Bernardi
909 1959 948 2017 ad
963 1975 1052 2016 sunm
1066 1956 1239 2033 Eugenium

274 2051 395 2114 litteris
418 2052 581 2110 edocemur
597 2050 660 2128 (3),
676 2069 744 2110 eum
760 2051 862 2128 ipsum
877 2052 1060 2110 hortaretur
1075 2051 1150 2108 dare
1169 2067 1239 2126 ope·

275 2164 363 2220 ram,
386 2153 423 2203 mt
443 2144 607 2204 increduli
632 2153 866 2205 convertamur
889 2145 933 2203 od
957 2143 1072 2222 fidem,
1095 2143 1239 2203 conversi

275 2260 343 2301 mom
365 2247 578 2311 avertamur,
607 2240 715 2297 aversi
735 2245 956 2298 revertantur.
979 2240 1025 2297 Ac
1046 2253 1120 2313 prae
1142 2235 1238 2295 oculis

275 2335 422 2395 habemus
433 2332 603 2394 Clementis
614 2334 658 2392 VI
670 2331 915 2409 praedecessoris
926 2331 1036 2393 Nostri
1049 2330 1237 2406 exemplum,

273 2427 327 2504 qni
350 2446 411 2487 non
433 2426 558 2486 destitit
578 2425 702 2486 illatam
715 2427 860 2486 Andreae
875 2425 1001 2486 Siciliae
1017 2425 1085 2502 regi
1104 2428 1237 2484 mortem

273 2520 446 2593 vindicare,
470 2518 668 2596 gravissimis
689 2519 819 2579 inflictis
832 2518 939 2594 poenis
953 2521 1062 2578 contra
1083 2517 1169 2576 illius
1191 2516 1238 2576 in·
1280 2565 1281 2568 ,

274 2613 479 2686 terfectores,
502 2617 536 2672 et
555 2611 805 2689 conspiratores,
829 2615 865 2671 ut
885 2611 1006 2689 legitur
1027 2611 1058 2670 in
1082 2611 1147 2670 suis
1168 2629 1237 2688 apo-
1280 2609 1281 2624 ¹

274 2708 393 2769 stolicis
414 2706 534 2767 litteris
556 2705 612 2784 (4).
636 2705 697 2765 Sed
721 2706 794 2783 quid
816 2704 987 2781 proficere,
1009 2703 1143 2782 quidque
1168 2723 1238 2764 con·

274 2801 360 2882 sequi
382 2801 420 2860 ab
442 2800 497 2860 illo
518 2816 680 2876 possumus
701 2797 893 2876 populo,qui
915 2817 976 2857 non
999 2797 1099 2858 solum
1120 2798 1236 2859 monita

276 2974 452 3024 conventione
467 2972 608 3029 nemorale,
623 2973 715 3019 cavata
731 2971 775 3019 dei
790 2969 1235 3030 1661166616111111611616.1111616116

274 3051 341 3097 latta
350 3049 378 3096 in
388 3049 482 3096 Milano
492 3047 536 3094 (161
547 3047 674 3104 Veladini,
685 3059 742 3104 pag.
756 3049 794 3094 12.

337 3127 372 3180 (1)
389 3123 577 3173 (1611666161111.
589 3135 646 3182 pag.
659 3123 712 3170 166.
725 3122 794 3169 circs
804 3121 887 3169 finem.
900 3125 932 3171 In
943 3136 974 3171 66
984 3125 1133 3171 collectione
1143 3123 1233 3173 descri-

273 3202 344 3248 bitur
361 3200 574 3259 6666556661
589 3197 723 3256 magnifice
739 3199 834 3244 elatum
849 3197 936 3256 tuerit,
955 3201 1099 3258 quantaque
1120 3213 1178 3247 snm
1193 3213 1235 3248 no·

272 3277 364 3324 bilinm
379 3278 493 3324 virorum
508 3273 671 3320 multitudine
683 3274 858 3321 comitantium
868 3275 963 3322 Mariae
980 3276 1090 3324 cadaver
1107 3276 1139 3324 ad
1154 3277 1233 3326 Peter·

272 3353 398 3410 burgense
409 3351 437 3397 111
446 3350 540 3407 Anglia
548 3349 679 3408 templum.

336 3430 372 3482 (1)
389 3427 438 3474 (lit.
450 3425 633 3474 6611666161111,
645 3438 702 3483 pag.
717 3426 771 3472 176.
783 3425 873 3473 66118.

334 3503 370 3558 (Β)
386 3503 501 3550 11111111.
513 3500 544 3548 (16
555 3501 708 3549 considerat.
721 3514 777 3559 cap.
789 3503 810 3547 Ι.
821 3513 890 3548 num.
903 3503 926 3548 6.

337 3579 371 3632 ts)
388 3578 470 3626 Relst.
484 3578 635 3638 aRaynald.
648 3577 681 3626 ad
692 3590 752 3624 ann.
766 3577 837 3626 1646.
850 3576 872 3640 §.
884 3578 923 3625 44.
938 3578 970 3627 ad
981 3581 1019 3627 51.
