2632 4262
639 281 677 294 -
698 248 759 310 320
780 281 817 292 -

305 361 520 420 iuramentum
542 356 704 418 libertatis
726 359 758 416 et
779 355 981 432 aequalitatis
1001 355 1054 432 qui
1076 354 1218 430 praesti·

247 441 361 526 tarint,
377 453 489 530 quibus
503 452 610 530 poeuis
631 451 850 512 subiicientur.
869 453 909 510 ΙΙ.
924 450 975 509 87.
988 451 1054 510 ·De
1075 447 1217 508 istorum

248 547 457 608 absolutione.
473 547 523 608 00.
537 549 606 607 ·De
628 547 735 606 eodem
758 545 947 605 iuramento.
965 542 1034 616 110,
1052 543 1121 604 130.

305 643 416 702 iurare
426 639 539 715 absque
555 638 757 699 restrictione
771 639 1029 699 eons‘itutionem
1042 637 1217 710 Gallicam,

246 733 377 810 ideoque
392 732 518 792 civilem
541 732 801 793 constitutionem
822 733 900 791 cleri
922 731 953 789 in
976 750 1013 792 ea
1033 733 1218 790 contentam

245 831 401 904 coguntur
421 844 526 886 omues
546 827 691 904 Episcopi
712 831 774 886 etc.
791 828 816 887 Ι.
836 825 904 886 145.
920 825 999 885 -Sin
1021 825 1133 898 minus,
1160 826 1223 885 ha·

247 921 363 980 bentur
385 924 421 981 ut
441 939 458 980 e
481 939 535 980 suo
557 922 656 998 gradu
679 921 803 982 deiecti.
819 920 896 980 Ibid.

306 1016 521 1074 Iuramentnm
536 1013 599 1074 odii
612 1015 764 1074 adversus
779 1012 995 1074 Monarchiam
1010 1011 1216 1088 improbatur

246 1124 265 1166 a
286 1107 344 1166 Pio
359 1107 415 1167 VI.
427 1109 468 1168 II.
484 1108 553 1179 178,
566 1107 638 1180 204,
654 1108 726 1178 208,
741 1108 813 1179 216,
829 1107 899 1167 219.
913 1104 1036 1166 ·anla
1051 1122 1128 1163 vero
1143 1123 1220 1163 cen·

250 1217 324 1260 sura
351 1202 481 1261 eatenus
508 1201 575 1262 lata
599 1200 703 1260 fueret
725 1200 756 1258 iu
779 1218 831 1260 eos
852 1198 905 1275 qui
925 1197 1006 1268 illud
1034 1197 1222 1273 praestitis-

247 1297 330 1353 sent.
349 1295 419 1354 178.

308 1389 410 1449 Iurati
425 1389 568 1466 Episcopi
590 1407 608 1449 a
629 1387 768 1448 censuris
789 1386 910 1446 absolvi
934 1389 967 1445 et
987 1383 1147 1444 Ecclesiae
1168 1400 1220 1442 re·
1281 1428 1282 1460 ,

244 1481 411 1538 conciliari
434 1500 492 1538 non
515 1485 662 1556 possunt,
687 1482 746 1540 nisi
768 1501 787 1541 a
807 1481 873 1540 solo
895 1481 1021 1538 Summo
1042 1477 1217 1538 Pontifice.
1282 1512 1283 1530 ι

245 1574 270 1632 Ι.
287 1572 358 1632 323.

306 1663 408 1723 iurati
420 1681 525 1724 omnes
538 1664 744 1726 ecclesiastici
760 1666 798 1724 ab
814 1665 955 1724 omnibns
970 1663 1133 1723 ordinibus
1147 1681 1219 1722 sus·

244 1758 351 1834 pensi,
374 1759 401 1816 si
422 1759 509 1820 intra
530 1759 569 1820 40
590 1760 656 1818 dies
677 1778 695 1819 a
716 1761 765 1819 die
790 1761 827 1820 13
847 1760 968 1837 Aprilis
991 1759 1067 1819 1791
1091 1777 1153 1817 non
1182 1777 1215 1817 se

245 1854 507 1927 retractaverint,
532 1859 565 1914 et
585 1854 792 1931 irregulares,
809 1857 834 1914 si
849 1860 957 1932 postea
980 1854 1107 1913 ordines
1125 1871 1218 1912 exer-

246 1945 382 2005 cuerint.
397 1947 422 2006 I.
438 1947 508 2020 154,
526 1947 595 2008 155.
609 1950 708 2010 -Onm
724 1949 801 2026 ipsis
815 1949 1056 2009 communicatio
1074 1965 1219 2024 praeser-

246 2036 306 2095 tim
326 2037 359 2094 in
382 2037 500 2098 divinis
521 2040 645 2100 omnino
666 2041 780 2100 vetita.
798 2042 1045 2102 1.282.-11.84.

307 2130 409 2192 Iurati
435 2133 566 2209 parochi
588 2133 640 2193 vel
661 2133 833 2194 sacerdotis
855 2135 980 2206 Missae,
1001 2134 1133 2212 aliisque
1155 2152 1215 2210 pu·

246 2224 336 2284 blicis
358 2225 502 2302 precibus
530 2245 603 2286 num
632 2227 740 2288 diebus
770 2228 934 2302 ierimibus
963 2229 1015 2288 vel
1043 2227 1213 2287 dominicis

246 2317 393 2378 assistere
418 2320 525 2380 liceat.
543 2323 583 2381 ΙΙ.
600 2322 651 2381 84.
665 2353 678 2366 -
690 2322 749 2382 Vel
770 2323 998 2382 absolutionem
1020 2326 1053 2381 et
1073 2339 1213 2380 commu-

247 2411 372 2470 nionem
400 2413 497 2472 etiam
519 2415 550 2472 in
573 2416 725 2474 Paschate
747 2416 800 2476 vel
821 2417 936 2476 mortis
964 2415 1099 2476 articulo
1123 2417 1213 2492 pete-

247 2522 292 2564 re.
309 2504 360 2576 85,
376 2505 426 2564 86.
441 2507 706 2567 -Sacramentum
729 2495 929 2586 baptismatis
944 2510 1096 2586 recipere,
1112 2509 1165 2568 vel
1180 2509 1213 2568 in

246 2618 283 2660 eo
305 2598 426 2676 patrini
448 2617 576 2660 munere
604 2601 705 2679 fungi.
720 2603 798 2662 Ibid.
812 2604 1079 2664 ·Matrimonium
1108 2619 1213 2662 coram

245 2713 281 2755 eo
302 2695 474 2768 celebrare,
498 2695 551 2755 vel
573 2695 759 2757 mulieribus
781 2697 1030 2758 benedictionem
1052 2701 1123 2775 post
1143 2714 1215 2774 par·

247 2790 313 2848 tum
337 2789 488 2866 recipere.
505 2791 556 2850 86.

304 2881 487 2942 iurisdictio
501 2883 695 2961 Episcopalis
717 2901 771 2944 seu
792 2884 941 2945 canonice
961 2884 1068 2945 missio
1089 2903 1108 2944 a
1128 2901 1215 2944 man-

246 2976 319 3034 dato
340 2977 540 3053 Apostolicae
555 2979 644 3039 Sedis
659 2979 749 3038 unice
764 2977 985 3056 proficiscitur.
1002 2981 1026 3038 Ι.
1043 2979 1112 3050 133,
1127 2979 1213 3038 134.-

246 3071 279 3128 et
300 3069 338 3127 ab
360 3086 396 3127 ea
417 3071 516 3130 omnis
537 3070 681 3149 legitima
701 3071 807 3132 missio
832 3072 984 3130 dimanat.
1007 3070 1210 3144 Ι.120,130.

305 3162 406 3221 Inrati
421 3165 547 3224 secundi
568 3165 686 3226 ordinis
704 3185 722 3226 a
740 3165 941 3242 suspensione
956 3163 1126 3224 Pontificia
1142 3181 1212 3240 pos-

245 3258 319 3314 sunt
347 3254 468 3314 absolvi
489 3274 508 3315 a
529 3257 593 3317 suis
612 3258 771 3336 Episcopis
793 3259 845 3318 vel
871 3257 1056 3318 dioecesium
1084 3274 1211 3316 suarum

246 3347 569 3422 administratoribus3
590 3351 645 3412 sub
661 3352 771 3430 quibus
786 3351 1028 3411 conditionibus.
1045 3351 1070 3410 1.
1083 3349 1212 3410 aso-et

246 3444 284 3504 ab
306 3441 416 3502 iisdem
432 3441 604 3519 dispensari
626 3443 664 3502 ab
686 3444 927 3520 irregularitate
948 3444 1086 3503 incursa.
1104 3441 1212 3502 Ibid.-

244 3538 310 3596 Iam
331 3555 423 3609 nunc,
440 3535 537 3598 etiam
551 3537 645 3598 extra
659 3535 735 3595 fines
750 3535 899 3598 dioecesis
918 3537 1102 3600 Gallicanae
1123 3539 1156 3597 et
1177 3536 1208 3594 in
