2624 4260
316 429 415 492 vitam
442 442 653 510 exposuerant
681 451 788 504 suum,
817 438 852 494 ut
873 430 945 494 fidoi
968 429 1141 507 depositum
1167 427 1271 488 ovibus

316 525 382 586 suis
403 531 639 600 conservarent,
661 527 752 588 velut
772 527 882 604 supina
902 523 1083 603 ignorantia
1096 523 1271 585 laborantes
1307 593 1308 596 Ἴ

317 622 351 678 st
370 618 538 682 fanatismo
552 621 703 697 impulsos
717 621 856 684 traduxi.
870 622 912 682 Et
926 617 1128 678 nihilominus
1143 619 1215 693 post
1230 617 1272 676 tel
1307 609 1308 636 ³

315 731 354 772 ac
377 715 468 776 tanta
492 715 638 776 scandale
665 715 793 776 minime
811 718 959 792 reparata
972 713 1037 774 iere
1059 709 1192 788 singulis
1215 709 1272 772 die·

317 807 376 868 bus
389 807 547 886 hucusque
561 827 620 868 non
634 810 784 872 exhorrui
796 826 885 870 sacra
901 807 1059 868 celebrare
1070 802 1245 882 mysterial

357 901 383 961 0
409 904 491 963 Deus
511 902 715 964 misericors!
742 906 822 964 Deus
854 902 1007 978 benigne!
1035 901 1081 958 Tu
1113 896 1273 960 illusiones

318 1012 402 1057 meas
426 996 604 1074 dissipasti;
629 997 743 1075 perfice
763 999 844 1058 dona
865 979 999 1073 gratiae,
1021 993 1132 1071 quibus
1155 1009 1205 1052 me
1226 1008 1274 1054 cn·

318 1090 459 1164 molesti,
482 1095 515 1152 et
535 1110 593 1169 pro
615 1092 663 1156 tui
686 1092 818 1152 nominis
840 1089 943 1168 gloria
963 1090 1121 1164 acceptam
1136 1088 1274 1162 gratam-

303 1200 377 1258 ·que
402 1184 516 1245 habeas
543 1203 579 1246 ac
601 1185 773 1247 salutarem
793 1183 908 1246 efficias
929 1181 1082 1260 publicam
1111 1177 1276 1256 professio-
1307 1251 1308 1254 Ἴ

319 1293 402 1349 nem,
425 1296 485 1352 qua
505 1295 554 1338 me
576 1281 648 1350 tuae
662 1279 783 1355 legibus
796 1275 954 1342 Ecclesiae
969 1275 1191 1349 obsequentem
1206 1288 1276 1332 cou-

321 1370 432 1432 stituc.
449 1373 547 1432 Oredo
568 1377 601 1432 et
622 1373 772 1434 confiteor
792 1389 897 1432 omnes
922 1369 1095 1438 veritates,
1116 1383 1195 1442 quas
1222 1366 1278 1424 Eo·

319 1463 416 1524 clesia
440 1465 618 1540 Catholica,
641 1461 822 1542 apostolica
848 1469 882 1525 ct
909 1466 1050 1526 Romana
1077 1459 1190 1520 tradit.
1215 1460 1277 1533 Ego

320 1559 412 1618 credo
438 1559 599 1634 speciatim
629 1561 767 1620 existere
789 1577 911 1620 sacrum
936 1557 1148 1616 ministerium
1169 1571 1189 1614 a
1212 1554 1276 1614 Iesu

320 1651 447 1716 Christo
474 1653 506 1716 in
535 1653 680 1716 Ecclesia
702 1671 758 1712 sua
778 1653 979 1724 institutum
1003 1643 1228 1710 auctoritatem
1248 1647 1277 1704 et

318 1743 593 1817 infallibilitatem,
616 1765 707 1822 quam
728 1747 796 1822 lpse
817 1743 1059 1806 communicavit
1078 1740 1204 1818 corpori
1220 1739 1277 1816 pri·

319 1855 441 1900 morum
457 1842 631 1914 pastorum,
646 1839 734 1899 cuius
745 1841 845 1916 Oaput
863 1843 913 1899 ast
927 1840 1023 1915 Papa,
1039 1839 1076 1897 ad
1093 1836 1275 1903 docendum,

318 1933 489 2008 regendum
510 1939 544 1992 et
564 1933 798 2010 gubernandum
820 1935 851 1992 in
874 1931 984 1994 ordine
998 1930 1127 2002 salutis;
1143 1933 1178 1992 et
1193 1929 1277 1990 abso-

316 2025 417 2086 lutam
430 2024 700 2102 independentiam
715 2025 892 2104 spiritualis
906 2025 1085 2102 potestatis,
1101 2041 1197 2100 quam
1211 2041 1279 2082 con·

318 2119 454 2180 credidit
475 2120 650 2196 pastoribus
670 2119 826 2182 Ecclesiae
848 2121 887 2180 ad
909 2117 1190 2180 sanctificationem
1215 2115 1280 2180 aab
1307 2131 1308 2134 ’

318 2229 451 2284 marum.
469 2214 544 2274 Post
565 2214 786 2289 professionem
808 2202 986 2274 sanctarum
1011 2211 1209 2282 veritatum,
1233 2226 1281 2274 rt·

319 2309 424 2366 tracto
436 2310 469 2366 et
482 2324 522 2366 ex
536 2305 732 2368 convictione
746 2310 779 2366 et
790 2323 830 2366 ex
842 2305 1019 2364 obedientia
1030 2322 1107 2380 erga
1118 2304 1281 2368 Summum
1307 2295 1308 2308 ¹

252 2393 255 2400 ’
314 2399 514 2472 Pontificem,
536 2399 707 2464 infaustum
722 2401 933 2462 iuramentum
948 2399 1108 2460 libertatis
1122 2405 1159 2462 et
1169 2416 1284 2474 atraquer

317 2492 433 2556 litatis.
450 2493 618 2554 Oonvictus
633 2493 727 2556 simul
749 2498 782 2554 ct
802 2495 929 2554 Summo
949 2490 1281 2562 Pontifici-obediens,

319 2603 426 2648 omnes
453 2587 695 2649 constitutionis
724 2588 830 2648 civilis
856 2588 941 2648 Oleri
969 2603 1095 2648 errores
1122 2585 1282 2662 expressis
1307 2655 1308 2670 χ

320 2682 427 2748 verbis
448 2681 570 2755 abiuro,
591 2686 718 2759 totoque
739 2684 831 2742 corde
846 2699 894 2740 me
909 2679 1039 2740 sublicio
1054 2679 1181 2750 iudicio,
1200 2679 1282 2754 quod

315 2775 387 2853 ipse
401 2777 551 2837 adversus
566 2777 646 2836 banc
660 2775 923 2836 Constitutionem
940 2773 1057 2845 emisit,
1069 2773 1152 2832 sicut
1162 2777 1197 2832 et
1209 2771 1283 2832 aliis
1307 2795 1308 2852 p

320 2868 462 2928 omnibus
483 2868 606 2928 iudiciis
627 2889 646 2932 a
667 2871 745 2930 Sede
766 2869 948 2946 Apostolica
968 2865 1101 2944 prolatis
1120 2867 1153 2924 et
1167 2865 1209 2924 ab
1222 2866 1285 2927 Ec·
1307 2853 1308 2928 l

320 2962 418 3026 alesia
438 2964 585 3040 receptis,
608 2963 854 3039 praesertimque
874 2961 956 3033 Baii,
979 2958 1115 3020 lansenii
1142 2961 1176 3018 et
1204 2959 1286 3025 Que-

320 3055 414 3115 snelli
442 3073 584 3116 errorum
613 3055 814 3116 damnationi.
839 3057 983 3130 Agnosco
1005 3057 1203 3130 praetensam
1227 3053 1286 3113 Sa·

317 3147 450 3217 baudiae
472 3149 652 3221 Ecclesiam,
669 3149 756 3214 cuius
769 3149 871 3224 Caput
885 3145 1076 3208 constitutus
1091 3161 1170 3216 sum,
1182 3143 1285 3205 fuisse

321 3257 433 3302 novam
461 3244 495 3300 et
522 3241 750 3302 schismaticam
777 3239 960 3312 ecclesiam3
983 3256 1050 3312 ma,
1074 3240 1181 3314 utpote
1213 3235 1286 3296 nul·

320 3333 446 3418 latenas
460 3334 585 3394 missum
601 3335 759 3396 aSummo
774 3332 938 3405 Pontifice,
953 3333 1004 3392 cui
1020 3332 1077 3392 soli
1093 3331 1184 3392 hodie
1200 3348 1287 3392 ccm-

321 3424 405 3503 petit
424 3425 473 3488 ius
492 3426 678 3488 instituendi
698 3425 876 3502 Episcopus,
898 3425 931 3486 in
952 3422 1186 3486 consecratione
1217 3437 1288 3484 mea

322 3517 403 3583 nihil
424 3521 588 3597 accepisse,
611 3523 737 3596 praeter
751 3519 964 3582 characterem
980 3517 1105 3588 mortis,
1118 3513 1287 3591 sacrilegii

320 3611 472 3686 fructuum
494 3631 600 3676 omnes
621 3613 865 3688 dispensationes
890 3631 909 3672 a
931 3630 979 3674 me
1001 3627 1163 3676 concessos
1186 3608 1288 3672 fuisse
