2582 4270
358 233 374 264 .
649 228 686 240 -
708 196 748 256 38
770 229 808 241 ·-

246 319 318 362 ven.
335 302 479 376 Fratres,
502 305 538 363 ut
559 301 699 380 singulos
720 303 913 380 populosae
937 301 1135 363 dioecesanos
1157 321 1218 362 ve-

248 397 332 454 stros
354 397 391 454 de
412 395 590 456 huiusmodi
610 395 722 458 fraude
744 396 948 456 admoneatis.
965 396 1116 464 Quoniam
1138 415 1220 458 vero

247 490 554 568 pseudo-Episcopus
575 495 609 552 et
630 491 778 553 Vicarius
796 492 988 569 apostolicus
1009 493 1070 554 iste
1092 511 1216 552 moram

247 583 375 641 trahere
397 583 515 645 dicitur
535 585 569 643 in
590 585 735 662 praefato
758 585 870 664 oppido
892 585 925 648 S.
939 586 1118 648 Laurentii
1131 586 1220 647 dice·

248 673 326 733 cesis
348 675 568 752 Pictaviensis,
589 695 668 758 quae
689 679 771 738 haud
794 679 905 756 procul
929 680 1019 740 abest
1039 699 1058 741 a
1079 679 1215 740 dioecesi

247 769 414 842 Leouensi3
437 771 484 830 ita
506 789 572 846 vos,
595 790 667 832 ven.
683 772 815 832 Fratres
835 771 1046 832 Pictavieusis
1074 776 1108 832 et
1134 775 1220 834 Leo·

249 863 352 922 nensis
374 864 530 942 Episcopi,
546 883 662 942 vosque
677 865 784 940 etiam,
801 883 933 942 qnorum
954 866 1110 926 dioeceses
1132 867 1218 927 exsi-

249 963 339 1018 stunt
360 959 391 1018 in
414 959 585 1036 provinciis
600 959 737 1020 Pictavii
759 965 792 1020 et
812 959 1007 1033 Britanniae,
1023 979 1094 1020 eum
1109 961 1214 1020 zelum

249 1057 425 1117 adhibeatis
445 1061 584 1134 oportet,
601 1059 653 1134 qui
675 1058 765 1117 vobis
787 1059 958 1118 communis
978 1063 1028 1118 est
1049 1077 1118 1118 cum
1139 1058 1216 1118 aliis

248 1151 384 1228 egregiis
405 1151 506 1228 Regni
529 1151 706 1212 Galliarum
727 1151 906 1229 Episcopis,
922 1153 955 1210 et
975 1151 1007 1210 in
1029 1151 1060 1210 id
1076 1153 1213 1212 maxime

249 1245 371 1304 debetis
399 1244 587 1318 incumbere,
606 1247 641 1303 ut
664 1245 861 1304 dioecesanos
887 1249 1030 1318 vestros,
1056 1263 1115 1322 quo
1143 1264 1217 1305 me·

248 1339 320 1399 liori
347 1357 403 1415 per
430 1357 485 1398 vos
514 1338 583 1398 fieri
612 1339 702 1397 modo
730 1339 868 1415 poterit,
895 1337 1216 1398 commonefaciendus

250 1432 379 1492 curetis.

308 1530 357 1587 Ad
371 1525 511 1585 fidelium
527 1523 727 1597 monitiones,
745 1526 823 1584 Ven.
840 1526 983 1599 Fratres,
1000 1529 1123 1586 vestras
1138 1543 1217 1602 quo·

248 1637 307 1696 que
328 1619 514 1678 monitiones
535 1616 698 1694 adiungite
728 1634 804 1694 erga
823 1619 1154 1696 pseudo-Episcopum
1179 1621 1215 1678 et

248 1715 428 1785 Vicarium,
452 1712 502 1770 illi
524 1710 771 1788 praecipientes,
793 1712 895 1770 veluti
915 1713 979 1773 Nos
1000 1731 1056 1789 per
1076 1713 1215 1774 Nostras

248 1808 340 1868 hasce
369 1807 496 1866 litteras
523 1805 623 1864 eidem
652 1803 878 1881 praecipimus,
902 1807 939 1865 ut
959 1805 1117 1866 abstineat
1138 1825 1173 1866 se
1194 1826 1215 1868 a

249 1919 439 1978 quocumque
460 1917 590 1958 munere
612 1901 834 1975 usurpatarum
849 1899 1041 1976 dignitatum
1056 1901 1213 1975 obeundo,

249 1999 358 2072 utque,
375 1993 495 2056 nefario
516 1993 650 2052 crimine
669 1997 774 2052 sancte
797 1997 830 2052 et
851 1993 973 2052 sincere
995 1993 1129 2070 eiurato,
1150 1995 1211 2054 Ec-

248 2090 362 2152 clesiae
385 2089 577 2160 satisfaciat,
600 2106 660 2164 quo
683 2087 806 2148 veniam
828 2090 862 2146 et
882 2088 1108 2148 absolutionem
1130 2088 1216 2148 obti-

248 2189 323 2245 neat
343 2185 381 2244 ab
403 2183 442 2243 iis
464 2181 661 2260 gravissimis
678 2181 802 2258 poenis,
818 2180 930 2257 quibus
944 2199 976 2240 se
992 2181 1126 2240 subiecit
1140 2180 1212 2240 iux·

248 2281 283 2338 ta
304 2280 471 2338 Sacrorum
493 2277 650 2336 Gauouum
668 2274 844 2334 sanctiones
865 2280 1122 2335 commemoratas
1135 2274 1215 2334 aliis
1289 2352 1290 2359 ἵ

247 2371 376 2433 Nostris
397 2368 587 2447 Apostolicis
609 2367 744 2427 Litteris
759 2366 815 2446 (1).

308 2464 458 2540 Equidem
473 2461 617 2522 dubitare
633 2479 692 2519 non
705 2477 880 2536 possumus,
893 2479 964 2522 ven.
979 2463 1121 2536 Fratres,
1134 2461 1211 2538 quin

247 2575 304 2634 per
327 2573 573 2632 unumquemque
594 2557 735 2612 vestrum
751 2553 845 2612 semel
860 2571 896 2613 ac
910 2553 1018 2615 fuistis
1032 2557 1070 2616 ad
1085 2559 1211 2617 vestras

248 2653 336 2711 sedes
357 2649 578 2726 relinquendas
599 2647 721 2720 adacti,
742 2647 919 2708 consultum
938 2649 1017 2710 satis
1036 2649 1134 2710 fuerit
1148 2650 1215 2726 spi·

247 2745 359 2806 rituali
380 2743 563 2820 populorum
587 2740 786 2812 necessitati,
810 2740 959 2801 adhibitis
978 2743 1074 2804 etiam
1095 2743 1136 2804 iis
1155 2762 1212 2804 ex·

248 2837 471 2900 traordinariis
486 2835 691 2896 facultatibus
703 2833 783 2893 alios
797 2834 974 2911 delegandi,
987 2854 1066 2912 quae
1077 2855 1135 2914 per
1144 2838 1214 2898 Nos

248 2951 407 2992 concessae
430 2931 518 2992 vobis
539 2929 680 2990 fuerunt.
704 2926 813 2989 Nihilo
840 2932 943 2988 tamen
965 2931 1085 3004 minus,
1101 2931 1128 2990 si
1149 2931 1212 2990 ini·

247 3043 380 3103 quorum
402 3024 561 3083 hominum
582 3021 748 3081 insectatio
770 3039 805 3079 eo
828 3023 1011 3096 devenerit,
1028 3027 1064 3084 ut
1087 3029 1213 3084 vestras

245 3137 339 3184 curas
360 3117 491 3176 inutiles
512 3119 568 3175 aut
589 3113 700 3173 irritas
714 3112 839 3186 fecerit,
856 3113 902 3174 ita
917 3119 953 3175 ut
966 3117 1092 3192 quidam
1107 3117 1150 3178 sit
1163 3118 1214 3178 lo-

246 3229 316 3285 cus,
332 3211 385 3288 qui
407 3213 515 3270 careat
535 3207 679 3285 legitimo
701 3204 863 3282 superiore
881 3207 1112 3284 EcclesiasticO,
1128 3211 1212 3270 hanc

246 3305 362 3364 adeant
388 3302 601 3380 Apostolicam
630 3298 740 3360 Sedem
769 3297 812 3371 ii,
834 3298 887 3375 qui
916 3303 1006 3361 tanta
1027 3321 1096 3362 cum
1117 3303 1213 3364 laude

311 3432 345 3488 (1)
362 3431 418 3479 Dici
430 3431 460 3478 13
469 3429 567 3488 Aprilis
577 3429 646 3486 1791,
656 3427 686 3476 19
695 3424 781 3474 Martii
797 3425 1086 3480 et181unii1'192-Vid.
1104 3433 1174 3480 rom.
1187 3434 1211 3480 1.

243 3519 321 3570 pagg.
334 3508 386 3556 141.
398 3505 453 3555 265.
465 3507 520 3554 315.
796 3519 798 3522 ·
