2606 4268
650 241 830 302 -140-

675 389 805 444 xm.

565 489 913 561 RESPONSA

301 659 355 718 Ad
376 661 536 737 quaedam
558 661 659 720 datia
680 660 756 720 Sede·
776 661 986 738 Apostolicue
1004 661 1184 737 proposita.

319 813 366 872 Ad
379 828 510 872 examen
531 812 701 884 revocatis,
717 815 901 888 matureque
915 811 1060 888 expensis
1075 829 1094 870 a
1107 809 1227 872 selecta

261 906 473 968 cardinalium
489 907 753 984 congregatione,
771 924 864 982 super
885 906 1020 983 negotiis
1034 903 1226 980 ecclesiasti-

260 1001 305 1060 cis
319 1001 421 1076 Regni
443 1001 620 1060 Galliarum
642 1002 803 1076 deputata,
823 999 927 1060 dubiis
945 1017 1023 1076 quae
1039 1017 1112 1058 mox
1127 997 1226 1058 subii·

261 1092 406 1165 ciuntur,
430 1095 587 1153 sententia
614 1094 750 1152 eiusdem
774 1092 1033 1168 congregationis
1054 1091 1187 1167 probata
1207 1108 1226 1148 a

262 1185 411 1246 Sanctiss.
429 1189 517 1246 Dom..
531 1187 648 1248 Nostro
660 1187 746 1262 Papa
757 1186 812 1245 Pio
828 1185 958 1256 viruit,
975 1185 1224 1262 respondendum
1300 1219 1301 1236 n

261 1297 327 1338 esse
350 1283 386 1339 ut
408 1281 562 1358 sequitur.

320 1372 454 1432 Dubiam
462 1375 617 1449 primam.
634 1374 805 1438 Quaeritur
821 1379 927 1434 utrum
943 1373 1131 1442 sacerdotes
1155 1371 1225 1428 sive

261 1470 334 1526 ante
356 1468 467 1527 Brevis
481 1467 656 1543 Apostolici
672 1464 826 1527 Charitas
846 1466 1140 1543 promulgationem,
1156 1465 1226 1523 sive

261 1562 332 1635 post
353 1577 420 1618 eam
444 1562 535 1620 electi
557 1561 646 1619 iuxta
668 1561 799 1620 formam
822 1559 1038 1620 schismaticae
1060 1557 1224 1619 Constitu·
1300 1609 1301 1644 ,

261 1653 368 1722 tionis,
378 1653 414 1712 ad
432 1653 586 1712 Ecclesiae
607 1654 803 1729 parochiales
821 1671 951 1726 vacuos,
972 1659 1005 1713 et
1017 1652 1170 1712 instituti
1186 1651 1225 1712 ab

260 1745 411 1821 Episcopo
432 1745 628 1819 Dioccesano,
645 1747 697 1822 qui
714 1749 780 1824 ipse
794 1747 927 1807 civicum
947 1747 1153 1824 praestiterat
1175 1745 1225 1804 iu-

261 1842 449 1910 ramentum,
468 1839 630 1898 evaserint
646 1840 713 1899 veri
735 1842 880 1912 Paroohi,
895 1843 1119 1918 obtineantque
1132 1839 1226 1900 Ordi-

260 1933 394 1989 narium
416 1931 677 1993 iurisdictionem
696 1951 787 2009 quam
808 1934 913 1993 valide
935 1937 1114 2006 exerceant,
1132 1950 1225 2009 prac-

260 2021 370 2082 sertim
392 2027 513 2100 quando
534 2042 552 2082 a
575 2025 663 2100 plebe
687 2025 783 2102 vulgo
810 2026 1035 2087 existimantur
1056 2025 1146 2102 probi
1169 2027 1227 2084 Sa·

260 2132 382 2175 crorum
406 2117 559 2176 Ministri.

319 2211 530 2284 Responsum.
554 2198 739 2270 Sacerdotes
768 2212 836 2270 sive
864 2215 938 2271 ante
959 2214 1071 2272 Brevis
1090 2213 1226 2288 Aposto-

259 2303 314 2362 lici
338 2301 491 2362 Charitas
513 2303 810 2379 promulgationem,
827 2305 894 2364 sive
916 2309 986 2381 post
1003 2323 1071 2364 eam
1093 2305 1224 2377 electos,
1299 2290 1300 2311 ¹

260 2397 352 2456 iuxta
363 2391 493 2455 formam
517 2395 734 2455 schismaticae
747 2395 1004 2469 constitutionis,
1016 2399 1052 2456 ad
1069 2393 1225 2457 Ecclesiae

260 2489 456 2565 parochiales
478 2506 603 2560 vacuas,
626 2492 659 2548 et
681 2489 852 2550 institutos.
868 2491 906 2549 ab
927 2491 1078 2567 Episcopo
1099 2491 1226 2552 Diocae-

260 2600 348 2655 sano,
368 2582 422 2658 qui
443 2581 509 2658 ipse
531 2581 669 2652 civicum
692 2582 899 2658 praestiterat
917 2582 1141 2657 iuramentum,
1162 2603 1224 2643 non

190 2692 192 2697 ·
214 2666 217 2672 ’
261 2677 398 2736 evasisse
415 2693 504 2734 veros
516 2675 686 2747 Parochos,
700 2692 755 2733 nec
777 2675 891 2734 habere
906 2676 1105 2738 Ordinariam
1129 2677 1226 2738 iuris·

260 2771 428 2830 dictionem
445 2787 536 2846 quam
552 2769 656 2829 valide
678 2773 858 2829 exerceant.
882 2771 1040 2843 Ceterum,
1054 2789 1225 2848 numquam

259 2867 315 2923 aut
343 2864 409 2922 fere
431 2880 595 2938 numquam
618 2861 650 2920 in
675 2861 765 2937 praxi
799 2863 982 2939 contingere
1005 2881 1114 2938 posse,
1146 2868 1184 2924 ut
1207 2882 1226 2924 a

259 2957 349 3033 plebe
372 2961 529 3030 tamquam
548 2955 636 3028 probi
662 2955 829 3013 Sacrorum
850 2955 992 3014 Ministri
1014 2957 1204 3018 habeantur.

320 3049 461 3108 Dubiam
482 3048 666 3107 secuudum.
683 3050 765 3107 Num
787 3049 964 3108 sacerdotes
976 3052 1119 3126 praelato
1134 3054 1226 3110 modo

260 3143 354 3202 electi
376 3145 412 3202 ad
437 3140 591 3201 Ecclesiae
610 3144 735 3215 plenas,
759 3147 792 3202 et
813 3144 852 3202 ab
874 3145 980 3203 eodem
1006 3145 1157 3222 Episcopo
1179 3149 1228 3205 in-

260 3234 385 3308 stituti,
409 3236 546 3294 evadant
568 3233 679 3293 saltem
703 3235 830 3294 illarum
853 3237 1065 3296 Ecclesiarum
1086 3237 1226 3297 admini-

259 3330 424 3399 stratores
445 3325 589 3402 legitimo
613 3325 739 3384 absente
762 3329 916 3402 Parocho,
935 3333 968 3390 et
981 3332 1018 3389 ad
1032 3331 1064 3390 id
1080 3330 1227 3391 obtinue—

258 3421 325 3480 rint
343 3419 595 3478 iurisdictionem
616 3418 802 3494 delegatam.
1300 3407 1301 3412 ¹

318 3515 527 3590 Responsum.
549 3511 718 3588 Negative.
