2606 4268
64 386 181 446 vandas
202 403 273 446 cnm
294 386 419 464 Religio
440 387 473 446 in
497 387 603 448 Gallia
624 387 824 461 restituetur,
845 391 925 466 quod
940 377 1027 448 certe

63 483 153 546 brevi
180 488 368 545 eventurum
398 503 569 562 speramus.
599 487 680 553 Quas
701 485 825 564 quidem
846 487 973 564 regulas
995 489 1028 547 et

62 582 228 640 accuratas
252 582 285 638 ct
313 579 410 638 sacris
438 580 606 638 canonibus
627 565 775 657 ¹apprime
803 583 1028 658 respondentes

63 671 342 748 deprehendimus,
372 672 399 732 si
420 673 479 734 illa
499 672 678 750 excipiatur
698 692 777 750 quae
803 675 936 733 secundo
959 673 1028 733 loco

63 764 212 840 ponitur:
236 784 297 842 qua
319 765 468 824 nimirum
482 770 626 838 cavetur,
642 766 768 827 Hostias
783 786 801 828 a
820 766 1028 826 schismaticis

63 859 282 918 sacerdotibus
302 863 511 931 consecratas,
534 878 610 937 quas
624 861 801 922 sacerdotes
815 861 964 922 catholici
979 878 1030 920 re·

63 953 201 1029 perient,
224 953 334 1013 autin
356 953 519 1030 Oorporali
542 956 737 1030 reponendas
758 973 837 1029 esse,
860 958 916 1015 ant
931 973 1027 1032 expe-

63 1049 212 1106 ctandum
234 1065 301 1106 esse
316 1048 411 1106 donec
425 1046 457 1106 in
473 1047 688 1107 Tabernaculo
703 1052 943 1122 consumentem
960 1052 1027 1108 tum

62 1156 139 1198 vero
153 1139 378 1199 comburendas
394 1157 473 1211 esse,
487 1155 654 1218 earumque
669 1141 789 1200 cineres
804 1141 836 1200 in
854 1141 1028 1202 sacrarium

61 1249 115 1290 seu
137 1233 290 1309 piscinam
311 1233 529 1292 coniiciendos.
554 1235 619 1301 Qua
639 1234 671 1293 in
694 1253 742 1308 re,
766 1237 805 1315 ut
823 1237 922 1296 omnis
943 1253 1028 1296 amo·

61 1332 179 1386 veatur
201 1326 379 1404 ambigendi
402 1329 525 1388 occasio
547 1329 711 1388 catholicis
732 1329 960 1401 sacerdotibus,
976 1331 1029 1406 qui
1060 1359 1062 1364 ·

60 1421 242 1497 praedictae
265 1420 394 1496 regulae
416 1422 582 1498 paruerint
603 1423 640 1481 ad
663 1423 807 1494 verbnm,
830 1440 942 1499 operae
957 1440 1030 1499 pre·

60 1515 142 1573 tium
165 1514 306 1572 ducimus
327 1514 540 1574 l'raternitati
562 1519 634 1575 tuae
650 1515 843 1592 significare,
858 1517 1030 1592 proceden-

60 1610 134 1667 dum
165 1625 231 1668 esse
256 1627 326 1668 cum
348 1607 562 1670 distinctione.
585 1612 651 1670 Aut
671 1609 753 1669 enim
776 1610 897 1670 nullum
924 1611 1031 1670 subest

61 1697 250 1778 pericnlum,
274 1719 393 1762 veneno
415 1703 548 1764 infectas
563 1723 629 1764 esse
643 1705 771 1764 Hostias
787 1723 806 1764 a
821 1705 1030 1766 schismaticis

62 1796 279 1856 sacerdotibus
301 1801 522 1870 consecratas3
545 1803 577 1858 et
599 1803 673 1858 tunc
700 1818 719 1858 a
740 1799 954 1859 sacerdotibus
975 1818 1031 1861 ca-

62 1891 191 1951 tholicis
214 1892 587 1964 consumendaeomnino
609 1897 718 1964 erunt,
741 1911 780 1952 ne
801 1892 1030 1954 irreverentiae

63 1985 204 2062 periculo
227 1988 435 2062 exponantur.
460 1987 546 2052 Quod
569 1986 595 2045 si
616 1986 791 2063 pericnlum
806 1989 896 2047 adest
911 2005 1030 2046 veneno

62 2078 198 2138 infectas
220 2097 298 2150 esse,
321 2079 528 2138 asservandae
550 2082 656 2151 erunt,
679 2080 775 2138 donec
797 2080 914 2156 species
929 2097 1031 2139 sacra·

63 2171 219 2230 mentales
234 2170 354 2230 fuerint
366 2173 492 2230 omnino
505 2175 690 2248 corruptae3
707 2176 740 2230 et
751 2175 827 2231 tunc
839 2163 1029 2245 satius'erit,

63 2267 100 2323 ut
121 2281 183 2322 non
204 2270 456 2335 concrementur,
473 2263 524 2322 sed
542 2267 611 2340 post
626 2263 835 2324 omnimodam
850 2263 1031 2340 corruptio-

63 2376 134 2418 nem
159 2358 192 2416 in
215 2359 389 2418 sacrarium
411 2377 464 2416 sen
487 2351 636 2434 piscinam
659 2358 854 2417 iniiciantnr.

123 2453 271 2512 Ceterum
294 2469 400 2511 omnes
420 2451 548 2527 regulas
569 2456 762 2528 opportunas
785 2451 821 2512 ad
846 2452 1031 2511 medendum

62 2565 99 2605 eo
122 2545 263 2618 meliori,
285 2565 344 2622 quo
366 2545 437 2604 fieri
453 2549 557 2622 potest
572 2548 671 2617 modo,
689 2545 917 2622 multiplicibus
933 2545 1032 2621 iisque

63 2637 267 2716 gravissimis
289 2637 392 2708 malis,
408 2655 448 2696 ex
463 2637 604 2698 luctuoso
620 2638 799 2710 schismate,
816 2639 895 2713 quod
912 2637 942 2696 in
959 2636 1033 2696 (ial-

61 2731 117 2791 liis
138 2733 303 2808 grassatur
317 2731 449 2801 obortis,
466 2729 693 2790 constituemus
709 2729 740 2788 in
756 2729 897 2807 generali
912 2731 1033 2789 Instru-

60 2825 168 2885 ctione
183 2825 222 2884 ab
236 2823 377 2883 omnibus
389 2823 560 2884 Gallicanis
573 2823 781 2883 Antistitibus
795 2823 960 2892 servanda,
978 2819 1031 2880 cni

63 2917 299 2978 concinnandae
321 2917 462 2976 sedulam
484 2934 637 2976 navamus
658 2933 795 2992 oporam:
819 2918 871 2974 sed
888 2919 952 2976 tam
967 2913 1031 2974 cito

59 3006 101 3070 'ad
118 3010 214 3068 finem
229 3011 396 3086 pervenire
411 3027 503 3086 quam
515 3010 670 3068 vellemus
686 3027 744 3067 non
757 3009 945 3086 poterimus,
959 3025 1033 3084 pro-

63 3109 178 3182 pterea
199 3105 278 3179 quod
302 3121 416 3180 graves
432 3107 603 3162 occurrunt
617 3103 830 3176 difficultates,
843 3101 1034 3186 ¹dissentien-

63 3197 151 3256 tibus
173 3196 259 3254 inter
280 3214 312 3255 sc
333 3195 386 3254 vel
408 3195 484 3272 ipsis
506 3194 682 3255 Galliarum
704 3195 879 3273 Episcopis,
902 3211 1034 3272 quorum

63 3308 137 3368 pars
160 3306 274 3362 unam,
308 3306 381 3366 pars
402 3288 498 3348 aliam
521 3306 539 3347 a
560 3287 659 3348 Nobis
681 3288 836 3348 rationem
859 3286 1034 3365 praescribi

64 3384 177 3443 velint.
203 3383 303 3458 Perge
324 3381 467 3454 interim,
484 3383 563 3441 Ven.
586 3383 715 3455 Frater,
740 3386 776 3442 ut
798 3381 942 3457 coepisti,
965 3397 1033 3440 cer·

65 3483 134 3536 tare
162 3477 281 3535 bonum
312 3478 491 3548 certamen,
521 3475 594 3532 dnm
626 3475 689 3534 Nos
719 3473 778 3532 tibi
806 3476 1031 3550 adprecamur,

64 3573 124 3632 tibi
145 3571 308 3649 cupimus,
331 3570 392 3630 tibi
413 3574 613 3647 exoptamus,
636 3573 672 3629 ut
692 3571 774 3629 Deus
795 3568 939 3645 Optimus
960 3570 1034 3628 Ma·
