2624 4260
484 345 661 406 -163-

90 453 259 525 calcatam,
285 453 439 513 violatam
460 452 692 513 immunitatem
704 452 872 525 Ecclesiae,
888 454 1052 531 expulsum

89 564 148 623 per
169 545 378 607 execrabilem
393 545 457 606 vim
477 565 496 606 a
517 549 588 606 sade
604 565 659 608 sua
679 546 864 607 Pontificem
879 549 1064 607 Romanum-

89 640 234 701 audistis.
251 643 359 719 Neque
380 642 463 702 enim
485 642 555 702 fieri
576 647 714 720 poterat,
730 644 761 701 in
781 643 847 701 tam
861 641 987 702 funesta
1007 643 1055 703 rei

89 734 285 795 christianae
306 736 400 814 plaga
421 737 495 814 quin
518 727 706 814 gravissimo
727 736 816 796 luctu
830 753 885 794 vos
899 735 1055 812 opprime·

90 827 228 902 remini,
254 829 307 906 qui
329 830 424 906 primi
444 831 580 890 omnium
608 831 641 890 in
670 830 828 891 Ecclesiae
857 829 980 889 unitate
1008 831 1058 889 te·

90 922 193 980 nenda
208 923 383 999 tuendaque
399 927 463 984 tam
478 925 590 985 acerba
601 927 694 1001 atque
713 923 855 1000 indigna,
875 925 940 982 tam
956 922 1056 980 admi-

90 1014 187 1074 rabili
209 1016 387 1077 constancia
407 1021 500 1094 atque
522 1017 690 1077 alacritate
717 1015 800 1093 passi
820 1015 908 1074 estis.
928 1016 986 1074 Est
1006 1017 1057 1074 ta-

90 1126 163 1166 men
184 1109 264 1186 quod
286 1109 447 1169 laetemini
461 1109 493 1168 in
508 1129 544 1169 eo
562 1110 683 1181 dolore,
710 1125 800 1185 quem
821 1107 1055 1167 acerbissimum

90 1217 132 1259 ex
152 1201 309 1261 Ecclesiae
340 1201 518 1276 aerumnis,
542 1205 636 1280 atque
665 1220 704 1262 ex
725 1199 925 1278 oppressione
949 1203 1057 1259 nostra

89 1293 267 1370 percipitis.
284 1296 360 1355 Cum
376 1296 459 1354 enim
480 1313 536 1354 vos
551 1295 646 1373 primi
661 1296 699 1356 ad
715 1292 882 1370 imaginem
902 1291 1056 1368 passionis

89 1386 212 1448 Christi
229 1387 416 1450 conformati
432 1391 523 1449 tanta
544 1389 708 1462 firmitate,
731 1389 879 1464 quantam
894 1385 978 1444 orbis
993 1389 1058 1445 ter-

90 1497 202 1540 rarum
217 1481 383 1542 universus
397 1482 571 1544 demiratus
584 1485 645 1556 est,
658 1485 724 1542 tam
735 1478 847 1559 gravia
858 1478 1057 1556 pertuleritis

91 1589 151 1649 pro
172 1573 326 1646 Ecclesia,
341 1575 465 1636 virtute
487 1578 596 1635 vestra
623 1575 767 1652 exemplo
792 1572 974 1633 infirmitati
994 1573 1058 1633 No·

91 1669 179 1726 strae
193 1667 313 1741 fuistis,
331 1670 367 1727 ut
379 1670 444 1730 Nos
459 1669 491 1728 in
506 1668 666 1728 laboribus
682 1666 880 1744 gravissimis
901 1665 1058 1725 sustinen-

92 1757 141 1816 dis
163 1758 341 1818 imitato'res
355 1763 482 1820 vestrae
502 1758 699 1819 fortitudinis
718 1758 875 1832 fieremus,
891 1763 924 1819 et
937 1759 1058 1819 laetan-

92 1853 143 1910 tes
164 1870 184 1911 a
204 1855 370 1930 conspectu
391 1853 591 1912 inimicorum
612 1855 801 1914 Nostrorum
823 1852 957 1926 iremus;
983 1871 1058 1930 quo·

93 1943 178 2024 niam
200 1946 412 2021 spectaculum
426 1946 550 2020 mundo,
566 1946 696 2024 Angelis
711 1949 744 2006 ct
758 1946 935 2006 hominibus
956 1947 1059 2006 vobis·
1136 2000 1139 2004 .

91 2055 164 2097 cum
192 2037 279 2110 facti,
310 2039 399 2116 digni
419 2040 521 2100 habiti
542 2057 647 2100 sumus
669 2057 724 2117 pro
746 2039 879 2102 Nomine
904 2041 972 2100 Iesu
991 2039 1058 2118 pati

92 2131 328 2193 contumeliam.

155 2227 265 2302 Itaque
285 2225 480 2286 consolemur
500 2229 563 2290 Nos
585 2227 731 2297 invicem,
751 2225 957 2286 Venerabiles
977 2226 1072 2286 Era--

93 2325 172 2391 tres,
197 2338 268 2379 nam
290 2320 351 2380 etsi
373 2321 538 2380 tribulatio
551 2323 671 2381 Nostra
691 2325 782 2380 tauta
796 2320 850 2392 sit,
866 2321 983 2396 quanta
1004 2319 1060 2379 hu·

92 2413 197 2474 manis
217 2413 340 2474 viribus
360 2404 507 2474 videatur
527 2413 607 2474 ferri
628 2432 689 2474 non
712 2431 811 2491 posse,
828 2417 922 2474 aDco
941 2416 1058 2485 tamen,

92 2524 113 2566 a
133 2524 194 2582 quo
209 2505 310 2565 omnis
322 2505 477 2566 fortitudo
488 2509 548 2580 est,
564 2511 598 2567 et
611 2507 664 2584 qui
678 2507 847 2567 Nobiscum
863 2524 895 2566 se
917 2505 1075 2566 futurum

94 2617 194 2676 usque
209 2601 247 2659 ad
260 2599 377 2660 saeculi
389 2600 687 2660 consummationem
702 2601 859 2678 promisit,
868 2599 1059 2659 adiutorium

94 2693 277 2754 huiusmodi
291 2695 453 2767 habemus,
469 2697 505 2754 ut
516 2712 584 2754 eam
595 2695 660 2755 Nos
674 2712 734 2753 non
749 2695 931 2753 constanter
947 2692 1060 2764 solum,
1151 2749 1155 2763 ,

95 2788 148 2845 sed
170 2805 243 2846 eum
264 2788 377 2864 gaudio
392 2787 489 2847 etiam
504 2787 825 2864 perferre‘possimus.
842 2786 901 2845 Sed
914 2783 1060 2860 quoniam
1075 2830 1077 2834 .

94 2881 354 2955 quemadmodum
368 2881 406 2938 ad
417 2879 605 2956 Flavianum
617 2881 751 2940 Sanctus
761 2882 825 2940 Leo
841 2879 973 2956 Magnus
984 2878 1062 2937 scri-

95 2973 207 3045 bebat,
232 2973 324 3034 Licet
344 2975 591 3051 magnificemus
611 2973 733 3045 Deum,
758 2975 817 3051 qui
847 2989 905 3031 eos
932 2973 1062 3049 gratiae

94 3083 173 3126 suae
193 3069 317 3127 virtute
338 3068 514 3142 confortat,
538 3084 663 3128 necesse
686 3076 732 3128 est
754 3077 864 3126 tamea
882 3082 942 3124 nos
956 3065 1062 3125 dolere

95 3175 208 3217 eorum
228 3161 355 3231 ruinas,
371 3176 433 3234 per
452 3176 530 3236 quos
543 3162 667 3219 veritas
690 3163 915 3238 impugnatur,
938 3165 970 3217 et
990 3160 1063 3233 ipsa

96 3252 198 3310 totius
212 3249 375 3310 Ecclesiae
385 3252 607 3328 fundamenta
619 3254 829 3327 quatiuntur,
843 3251 1001 3328 rogandus
1013 3251 1063 3310 est

93 3342 310 3404 indesinenter
331 3345 369 3404 D.
384 3345 424 3405 N.
449 3346 535 3404 Iesus
554 3344 710 3417 Christus,
726 3343 780 3421 qui
795 3362 900 3404 omues
921 3343 1063 3404 homines

94 3436 205 3496 salros
233 3436 303 3495 fieri
331 3437 421 3508 vult,
449 3441 483 3498 et
509 3437 599 3498 cuius
621 3437 846 3498 miserationes·
869 3439 943 3497 sunt
969 3452 1064 3514 super

31 3597 32 3602 η
96 3529 203 3588 omnia
216 3547 311 3607 opera
324 3530 411 3604 Eius,
434 3533 471 3590 ut
492 3548 511 3590 a
531 3534 621 3591 tauto
637 3531 776 3608 periculo
791 3531 969 3608 redemptos
991 3547 1063 3589 san·

32 3689 34 3707 7
97 3623 195 3700 guina
217 3641 273 3682 suo
293 3622 431 3696 liberet3
457 3640 555 3698 neque
575 3622 718 3699 patiatur
739 3622 770 3681 in
796 3625 861 3682 tam
890 3622 1063 3682 multorum

926 3723 944 3762 e
