2582 4270
231 332 316 394 vatis
346 329 574 392 conditionibus
602 330 640 390 de
661 329 772 407 quibus
794 345 907 408 supra,
929 332 963 388 et
990 326 1112 406 quoties
1130 320 1198 385 'uon

231 424 432 502 resipiscant,
449 423 651 484 declarandos
664 439 732 483 esse
743 423 896 500 privatos,
910 425 944 482 et
954 425 1107 498 quatenns
1120 435 1200 496 opus

233 519 287 592 sit,
302 518 471 597 privandos
491 523 584 579 antea
605 519 747 595 legitime
768 517 935 595 quaesitis,
958 515 1049 576 iuxta
1070 531 1200 590 respon·

233 630 300 672 sum
322 613 359 673 ad
382 612 508 672 dubium
530 614 569 672 V.

294 707 363 766 VII.
379 706 438 773 Qui
460 705 599 783 professa
620 706 773 784 religione
798 708 1033 783 apostatantes,
1054 703 1198 765 habitum
1287 715 1288 724 ¹

232 801 412 878 regularem
433 803 569 861 noudum
587 803 688 862 coacti
709 805 893 861 ensuerunt.

293 896 333 955 R.
349 897 396 954 Ad
420 897 488 955 Vll.
505 897 565 956 Eos
579 896 617 954 de
631 897 743 974 quibus
764 896 871 974 agitur
885 896 1054 955 incurrisse
1075 893 1108 952 in
1123 910 1200 970 poe·

233 1006 289 1049 uas
304 1007 323 1049 a
337 989 434 1048 sacris
449 991 618 1050 canonibus
640 994 753 1051 contra
765 993 927 1067 apostatas
940 992 1080 1050 statutas
1093 987 1125 1070 in
1139 987 1196 1048 tit.

232 1084 271 1143 de
291 1082 469 1160 Apostatis,
485 1083 542 1143 lib.
561 1085 599 1142 V.
616 1086 741 1143 Decret.
759 1101 825 1160 cap.
842 1085 873 1156 2,
889 1101 931 1144 aa
946 1085 1057 1144 cleriei
1069 1083 1119 1141 val
1132 1097 1199 1140 mo-

231 1177 334 1239 aacbi
354 1179 384 1236 iu
402 1183 482 1238 sext.
498 1182 533 1238 et
546 1197 613 1255 cap.
633 1179 670 1239 19
691 1195 767 1238 sess.
783 1177 824 1240 25
838 1179 877 1238 de
890 1180 1096 1255 regularibus
1115 1177 1200 1237 Con·
1288 1171 1289 1210 ³

232 1272 300 1332 ciiii
321 1273 513 1344 Tridentini,
528 1275 666 1350 adeoque
688 1275 857 1335 servandas
877 1291 944 1332 esse
959 1272 1084 1348 regulas
1106 1271 1200 1330 aBe-

232 1369 356 1427 nedicto
375 1369 460 1428 XIV.
478 1368 635 1441 traditas,
663 1373 729 1428 tum
751 1369 782 1428 iu
815 1366 1050 1429 Constitutione
1080 1365 1200 1426 Pastor

233 1463 332 1522 bonus
353 1460 415 1522 diei
439 1461 476 1520 13
497 1461 617 1538 Aprilis
640 1462 729 1536 1744,
747 1467 814 1522 tum
836 1462 869 1520 in
891 1477 985 1537 opere
1007 1460 1046 1519 de
1066 1459 1198 1537 synodo

232 1554 431 1627 dioecesana,
447 1554 503 1614 lib.
520 1556 607 1628 XIII,
622 1572 649 1614 c.
666 1556 696 1615 2.

293 1649 376 1708 VIII.
404 1648 465 1714 Qui
485 1651 592 1724 spreta
623 1649 692 1725 lege
714 1649 949 1722 ecclesiastica,
983 1653 1039 1707 aut
1066 1646 1198 1706 solemni
1289 1646 1290 1704 i

233 1744 378 1800 votorum
401 1741 651 1816 nuncupatione,
673 1740 843 1800 temerario
864 1759 941 1801 ausu
963 1739 1198 1800 matrimonium

232 1833 478 1894 attentaverint.

294 1932 333 1990 R.
350 1932 396 1989 Ad
413 1929 540 1989 dubium
563 1931 647 1988 VIII.
664 1928 762 1989 Nulla
776 1946 844 1988 esse
858 1928 1061 1990 matrimonIa
1075 1931 1201 1989 contra-

232 2024 285 2084 cta
305 2026 371 2084 tam
392 2041 411 2083 a
432 2022 631 2100 regularibus
652 2040 743 2098 quam
759 2022 798 2081 ab
819 2022 1039 2083 ecclesiasticis
1061 2023 1202 2082 saecula-

232 2117 320 2176 ribus
340 2118 377 2177 ad
400 2116 523 2193 aliquos
545 2133 648 2177 sacros
669 2114 794 2175 ordines
814 2115 978 2193 promotis,
994 2119 1028 2175 et
1048 2119 1200 2192 utrosque

233 2212 345 2270 nedum
367 2211 399 2270 in
415 2209 745 2269 excommunicationis
760 2209 949 2268 sententIam
964 2210 1030 2286 ipso
1051 2209 1134 2270 facto
1148 2209 1202 2268 in-

233 2304 370 2363 currisse
384 2303 570 2380 (Glemcap.
585 2304 667 2361 nuic.
682 2303 720 2362 de
733 2305 950 2378 eonsaapaia.
966 2313 997 2363 at
1012 2303 1129 2380 offla),
1145 2303 1199 2362 sed

232 2398 328 2457 etiam
350 2399 508 2474 tamquam
529 2396 668 2472 bigamos
697 2395 933 2473 irregularitati
955 2398 1102 2456 obnoxios
1133 2415 1202 2456 esse

234 2497 314 2570 (cap.
332 2487 436 2550 ultim.
453 2491 493 2551 de
513 2492 652 2566 bigamis
664 2507 732 2550 aoa
752 2490 950 2549 ordiaaada's
963 2507 1022 2552 aec
1037 2493 1203 2550 absolven-

233 2585 309 2661 dis),
326 2584 386 2643 nisi
408 2583 569 2643 derelictis
584 2583 721 2655 feminis,
737 2586 770 2642 et
791 2583 915 2660 publico
931 2585 1076 2645 scandalo
1097 2585 1203 2662 publi·

233 2697 267 2739 ce
288 2682 445 2756 reparato.

292 2775 348 2833 IX.
365 2771 424 2839 Qui
438 2770 572 2849 publicis
592 2772 787 2833 sermonibus
801 2777 857 2832 aut
875 2772 1003 2850 scriptis
1017 2771 1202 2850 contagioni

233 2867 450 2945 propagandae
470 2864 685 2936 intenderunt,
701 2882 839 2925 errorem
862 2871 895 2925 et
909 2866 1042 2926 schisma
1060 2870 1200 2940 tuentes,

232 2959 458 3020 catholicorum
473 2962 687 3034 oppugnantes
708 2959 894 3031 doctrinam,
910 2959 1072 3019 devinctos
1094 2961 1203 3020 Eccle-

233 3055 298 3115 siae
319 3053 481 3112 miuIstros
502 3051 583 3110 male
604 3053 823 3124 traducentes,
847 3054 906 3112 huc
928 3057 1022 3130 atque
1043 3053 1119 3113 illue
1140 3053 1203 3114 ali-

233 3148 355 3224 quando
377 3144 444 3202 sine
465 3143 615 3204 canonica
634 3143 779 3203 missione
801 3150 969 3224 vagantes,
991 3147 1201 3223 parochorum

232 3238 408 3302 absentium
423 3236 529 3296 munia
550 3237 800 3297 data-occasione
822 3245 1016 3310 exercentes,
1032 3243 1126 3318 atque
1140 3239 1202 3302 illa

231 3333 328 3394 etiam
360 3347 438 3408 quae
468 3329 695 3390 iurisdictionis
716 3329 839 3390 defectu
868 3331 957 3392 nulla
988 3350 1115 3410 prorsus
1142 3351 1204 3394 ex·

233 3426 352 3487 sistunt
372 3429 406 3484 et
425 3423 531 3484 irrita.

294 3522 334 3581 R.
348 3519 396 3579 Ad
419 3518 545 3579 dubium
560 3518 616 3577 IX.
633 3519 693 3577 Eos
715 3518 878 3594 dequibus
899 3481 1018 3598 agitur,
1032 3538 1098 3580 esse
1120 3521 1204 3582 schi-
