2624 4260
255 359 429 436 Vigilandi,
442 355 722 433 circumspiciendi,
739 355 891 432 patiendi,
904 355 996 414 fiendi
1007 366 1121 414 causae·
1136 361 1228 414 sem-'
1297 431 1298 434 Ἴ

248 469 305 528 per
326 455 450 527 praesto
475 453 559 508 sunt.
582 450 689 524 Neque
706 449 805 507 solum
828 449 865 506 de
886 449 1105 524 praesentibus
1120 448 1223 508 malis

249 545 413 604 dolendum
428 543 524 604 Nobis
540 546 599 614 est,
617 559 727 600 verum
743 542 837 601 etiam
854 546 991 617 oportet,
1008 546 1044 600 ut
1058 561 1120 619 qua
1134 542 1222 602 fusis

249 639 287 699 ad
309 640 404 696 Deum
427 635 580 712 precibus,
597 652 658 709 qua
672 635 755 692 omni
771 634 913 711 possibili
929 639 1054 708 conatu,
1071 636 1221 696 incertae

249 751 285 792 ac
297 729 435 790 terribili
448 728 550 788 futuri
563 728 712 803 temporis
725 729 956 804 perturbationi
973 730 1219 806 prospiciamus.

249 829 352 901 Atque
375 825 494 884 utinam
516 823 546 880 iu
570 823 670 883 tantis
692 825 897 883 humanarum
920 843 1025 883 rerum
1047 825 1221 884 vicissitu-
1297 891 1298 898 χ

250 918 385 988 dinibus,
408 915 494 975 etin
516 915 663 990 ambigua
684 915 746 973 ista
768 919 861 992 atque
877 917 999 977 incerta
1013 918 1220 978 inimicorum
1297 923 1298 992 g

251 1019 426 1090 temporum
447 1009 635 1083 conditione,
658 1011 777 1088 aliquid
798 1011 996 1071 adinvenisse
1010 1014 1114 1086 detur,
1132 1015 1218 1090 qnod

251 1109 348 1166 ullam
370 1105 485 1182 quietis
506 1110 539 1164 et
560 1094 786 1164 consolationis
801 1123 884 1182 spem
900 1106 1025 1167 inliciat
1037 1107 1164 1166 vexatis
1179 1125 1219 1166 ac
1297 1143 1298 1170 r

251 1199 445 1277 perturbatis
472 1199 629 1258 Ecclesiae
658 1197 811 1274 negotiis,
842 1198 1022 1275 populisque
1051 1199 1215 1280 fidelibusl

251 1295 447 1370 Quapropter
466 1292 696 1351 'nonnullorum
725 1291 912 1350 Pontificum
940 1295 1218 1369 praedecessorum

251 1391 439 1450 Nostrorum
454 1386 598 1462 exempla
613 1389 781 1456 sectantes,
795 1385 832 1443 de
851 1405 886 1444 eo
905 1387 1060 1462 imprimis
1074 1387 1219 1463 cogitan-
1297 1427 1298 1430 η

251 1484 324 1541 dum
345 1481 442 1542 Nobis
464 1485 523 1548 est,
546 1482 624 1556 quod
648 1479 756 1538 statim
778 1481 932 1554 agendum
954 1481 1034 1551 erit,
1055 1481 1108 1538 ubi
1133 1482 1216 1540 hanc

251 1573 463 1650 Apostolicam
476 1573 586 1630 Sedem
599 1589 710 1629 vacare
724 1571 899 1649 contingat3
912 1575 992 1648 quod
1006 1572 1126 1632 scilicet
1137 1574 1218 1632 Gar·
1297 1629 1298 1632 ,

252 1669 371 1736 dinales
393 1667 425 1726 S.
444 1669 482 1726 R.
499 1667 536 1724 E.
553 1664 781 1742 quamprimum
802 1666 943 1724 ineundis
959 1665 1096 1724 comitiis
1111 1684 1217 1742 prom·

252 1765 338 1836 ptam
362 1769 487 1836 operam
509 1758 689 1834 impendant
711 1775 785 1834 opus
808 1759 881 1830 erit3
898 1777 937 1818 ex
959 1760 1007 1818 his
1028 1760 1110 1818 enim
1132 1763 1216 1836 quod
1297 1829 1298 1838 χ

254 1847 474 1931 gravissimum
496 1855 545 1910 est
565 1851 596 1908 iu
620 1852 717 1910 saeris
736 1852 847 1924 rebus,
872 1857 904 1912 et
928 1871 1040 1928 magna
1061 1871 1100 1912 ex
1123 1859 1216 1928 parte
1297 1845 1298 1884 l

254 1947 381 2004 futurus
409 1944 564 2004 Ecclesiae
594 1947 696 2003 status
725 1946 865 2020 procedit
890 1963 925 2004 ae
951 1947 1074 2020 pendet.
1103 1947 1216 2008 Nostri

253 2037 376 2113 quidem
399 2038 650 2120 praedecessores
679 2036 779 2094 multa
801 2037 864 2094 suis
887 2037 1080 2112 temporibus
1100 2055 1216 2114 oppor-

252 2134 330 2189 tuna
350 2130 572 2206 excogitarunt
599 2147 634 2188 ao
666 2129 895 2205 sapientissime
923 2132 1153 2204 decreverunt,
1176 2133 1215 2188 de

254 2208 439 2301 grauissimo
465 2223 589 2304 negotio
612 2222 748 2299 eligendi
776 2242 889 2282 novum
915 2212 1109 2296 Pontificem.
1137 2226 1215 2286 (lum

254 2320 359 2379 autem
387 2334 466 2374 nova
487 2333 592 2374 rerum
614 2317 759 2376 adiuncta
780 2317 1033 2393 supervenerint,
1057 2336 1137 2376 nova
1157 2335 1214 2375 ne-

254 2430 337 2472 cesse
350 2415 399 2471 est
411 2430 522 2488 parare
538 2418 570 2472 et
581 2413 702 2473 sancire
715 2416 841 2474 decreta
852 2415 960 2472 iisdem
971 2415 1212 2473 accommodata.

313 2505 420 2564 Primo
441 2505 546 2580 itaque
569 2510 601 2564 et
623 2512 695 2566 ante
711 2508 814 2566 omnia
829 2507 1064 2588 deliberandum
1080 2498 1224 2566 fortasse

255 2599 318 2658 erit
332 2599 531 2659 Electoribus
545 2602 582 2658 de
596 2601 666 2659 loco
679 2601 934 2660 celebrandorum
949 2599 1147 2658 comitiorum
1160 2617 1213 2657 seu

255 2696 292 2754 de
313 2693 414 2770 amplo
435 2695 589 2766 conclavi,
609 2694 640 2752 in
662 2713 722 2770 quo
744 2713 849 2753 omnes
864 2693 1031 2752 convenire
1047 2696 1080 2750 et
1095 2692 1213 2750 morari

254 2789 409 2848 debebunt
421 2809 516 2866 usque
532 2791 569 2848 ad
586 2789 659 2848 novi
674 2788 837 2848 Pontificis
851 2787 1045 2847 electionem:
1063 2787 1213 2844 videlicet

255 2901 327 2940 num
343 2882 530 2941 conveniens
553 2881 661 2939 iisdem
685 2879 728 2938 sit
749 2900 767 2940 a
790 2881 910 2957 vigenti
925 2879 1152 2938 cousuetudine
1165 2897 1213 2936 re-

256 2981 363 3038 cedere
384 2978 588 3037 conveniendi
610 2979 640 3036 in
664 2979 754 3036 aedes
782 2978 950 3036 Vaticanas
975 2978 1011 3035 ad
1042 2978 1073 3034 S.
1105 2977 1211 3046 Petri,

256 3073 302 3130 uti
319 3076 422 3131 actum
439 3077 488 3130 est
502 3071 759 3146 praecedentibus
775 3071 918 3144 saeculis,
932 3074 970 3131 ad
982 3072 1146 3130 vitandum
1159 3074 1213 3128 adr

256 3164 434 3235 insalubre3
458 3183 531 3221 num
559 3166 597 3222 ad
626 3164 774 3222 maiorem
803 3165 866 3224 loci
894 3164 1108 3236 securitatem,
1124 3181 1159 3222 ac
1180 3163 1210 3221 iu

256 3255 392 3313 ferendis
414 3255 570 3331 suffragiis
596 3255 794 3329 libertatem3
821 3261 914 3333 atque
943 3259 979 3318 ad
1009 3258 1129 3315 minora
1156 3257 1212 3314 im·
1297 3307 1298 3342 p

256 3348 366 3423 pendia
395 3349 425 3406 iu
455 3349 637 3406 instruendo
665 3367 720 3434 ppo
742 3367 827 3408 more
850 3351 989 3410 conclavi
1018 3350 1211 3426 procuranda
1297 3343 1298 3358 ³

255 3446 384 3516 propter
405 3443 486 3500 aeris
507 3441 643 3518 inopiam
666 3445 703 3502 ab
725 3445 857 3502 Aerario
879 3445 930 3503 vel
956 3445 994 3503 ab
1016 3443 1210 3504 Electoribus
1297 3441 1298 3462 ¹

256 3534 492 3610 suppeditandi3
510 3536 561 3595 vel
580 3537 701 3594 demum
723 3535 760 3594 ob
782 3537 999 3596 necessitatem
1020 3537 1139 3614 negotii
1153 3555 1209 3612 quo
