<?xml version="1.0" encoding="UTF-8"?>
<!DOCTYPE html PUBLIC "-//W3C//DTD XHTML 1.0 Transitional//EN"
    "http://www.w3.org/TR/xhtml1/DTD/xhtml1-transitional.dtd">
<html xmlns="http://www.w3.org/1999/xhtml" xml:lang="en" lang="en">
 <head>
  <title>
</title>
<meta http-equiv="Content-Type" content="text/html;charset=utf-8" />
  <meta name='ocr-system' content='tesseract 3.04.00' />
  <meta name='ocr-capabilities' content='ocr_page ocr_carea ocr_par ocr_line ocrx_word'/>
</head>
<body>
  <div class='ocr_page' id='page_1' title='image "./piivipontmaxact02piusgoog_0155.png"; bbox 0 0 2606 4268; ppageno 0'>
   <div class='ocr_carea' id='block_1_1' title="bbox 458 215 637 277">
    <p class='ocr_par' dir='ltr' id='par_1_1' title="bbox 458 215 637 277">
     <span class='ocr_line' id='line_1_1' title="bbox 458 215 637 277; baseline 0.006 -2"><span class='ocrx_word' id='word_1_1' title='bbox 458 215 637 277; x_wconf 77' lang='lat'>-143-</span> 
     </span>
    </p>
   </div>
   <div class='ocr_carea' id='block_1_2' title="bbox 64 323 1054 2560">
    <p class='ocr_par' dir='ltr' id='par_1_2' title="bbox 64 323 1054 1425">
     <span class='ocr_line' id='line_1_2' title="bbox 125 323 1032 402; baseline -0.002 -19"><span class='ocrx_word' id='word_1_2' title='bbox 125 323 238 383; x_wconf 79' lang='lat' dir='ltr'>Licere</span> <span class='ocrx_word' id='word_1_3' title='bbox 260 325 480 386; x_wconf 89' lang='lat' dir='ltr'>ecclesiasticis</span> <span class='ocrx_word' id='word_1_4' title='bbox 503 332 566 386; x_wconf 89' lang='lat' dir='ltr'>tam</span> <span class='ocrx_word' id='word_1_5' title='bbox 588 326 801 387; x_wconf 87' lang='lat' dir='ltr'>saecularibus</span> <span class='ocrx_word' id='word_1_6' title='bbox 822 342 914 402; x_wconf 90' lang='lat' dir='ltr'>quam</span> <span class='ocrx_word' id='word_1_7' title='bbox 935 341 1032 400; x_wconf 90' lang='lat' dir='ltr'>regn·</span> 
     </span>
     <span class='ocr_line' id='line_1_3' title="bbox 64 411 1032 497; baseline 0.002 -21"><span class='ocrx_word' id='word_1_8' title='bbox 64 416 197 484; x_wconf 86' lang='lat' dir='ltr'>laribus,</span> <span class='ocrx_word' id='word_1_9' title='bbox 222 419 298 477; x_wconf 81' lang='lat' dir='ltr'>boas</span> <span class='ocrx_word' id='word_1_10' title='bbox 318 424 471 496; x_wconf 77' lang='lat' dir='ltr'><strong>quotquot</strong></span> <span class='ocrx_word' id='word_1_11' title='bbox 488 411 693 492; x_wconf 66' lang='lat' dir='ltr'>&#39;exhibentum</span> <span class='ocrx_word' id='word_1_12' title='bbox 717 421 870 497; x_wconf 89' lang='lat' dir='ltr'>recipere,</span> <span class='ocrx_word' id='word_1_13' title='bbox 894 423 926 478; x_wconf 90' lang='lat' dir='ltr'>et</span> <span class='ocrx_word' id='word_1_14' title='bbox 952 419 1032 478; x_wconf 91' lang='lat' dir='ltr'>bona</span> 
     </span>
     <span class='ocr_line' id='line_1_4' title="bbox 65 509 1054 590; baseline -0.001 -20"><span class='ocrx_word' id='word_1_15' title='bbox 65 509 367 570; x_wconf 81' lang='lat' dir='ltr'>ecclesiasticarum</span> <span class='ocrx_word' id='word_1_16' title='bbox 396 513 435 586; x_wconf 86' lang='lat' dir='ltr'>iis</span> <span class='ocrx_word' id='word_1_17' title='bbox 456 532 582 590; x_wconf 84' lang='lat' dir='ltr'>emere,</span> <span class='ocrx_word' id='word_1_18' title='bbox 606 519 642 574; x_wconf 91' lang='lat' dir='ltr'>ut</span> <span class='ocrx_word' id='word_1_19' title='bbox 666 533 777 574; x_wconf 62' lang='lat' dir='ltr'>,eorum</span> <span class='ocrx_word' id='word_1_20' title='bbox 807 511 1054 572; x_wconf 79' lang='lat' dir='ltr'>sustentationi</span> 
     </span>
     <span class='ocr_line' id='line_1_5' title="bbox 66 605 1030 678; baseline 0.001 -15"><span class='ocrx_word' id='word_1_21' title='bbox 66 606 217 663; x_wconf 87' lang='lat' dir='ltr'>honestae</span> <span class='ocrx_word' id='word_1_22' title='bbox 239 605 441 678; x_wconf 76' lang='lat' dir='ltr'>consulatur,</span> <span class='ocrx_word' id='word_1_23' title='bbox 470 625 529 664; x_wconf 91' lang='lat' dir='ltr'>non</span> <span class='ocrx_word' id='word_1_24' title='bbox 554 613 656 667; x_wconf 88' lang='lat' dir='ltr'>tamen</span> <span class='ocrx_word' id='word_1_25' title='bbox 680 608 784 668; x_wconf 88' lang='lat' dir='ltr'>animo</span> <span class='ocrx_word' id='word_1_26' title='bbox 805 607 976 666; x_wconf 92' lang='lat' dir='ltr'>dominium</span> <span class='ocrx_word' id='word_1_27' title='bbox 998 607 1030 665; x_wconf 91' lang='lat' dir='ltr'>in</span> 
     </span>
     <span class='ocr_line' id='line_1_6' title="bbox 66 700 1032 778; baseline 0.002 -20"><span class='ocrx_word' id='word_1_28' title='bbox 66 700 149 758; x_wconf 91' lang='lat' dir='ltr'>bona</span> <span class='ocrx_word' id='word_1_29' title='bbox 163 705 269 776; x_wconf 91' lang='lat' dir='ltr'>empta</span> <span class='ocrx_word' id='word_1_30' title='bbox 290 700 484 775; x_wconf 86' lang='lat' dir='ltr'>acquirendi,</span> <span class='ocrx_word' id='word_1_31' title='bbox 501 701 552 760; x_wconf 88' lang='lat' dir='ltr'>sed</span> <span class='ocrx_word' id='word_1_32' title='bbox 569 720 606 762; x_wconf 88' lang='lat' dir='ltr'>ea</span> <span class='ocrx_word' id='word_1_33' title='bbox 619 702 803 760; x_wconf 89' lang='lat' dir='ltr'>reservandi</span> <span class='ocrx_word' id='word_1_34' title='bbox 818 704 855 760; x_wconf 91' lang='lat' dir='ltr'>ad</span> <span class='ocrx_word' id='word_1_35' title='bbox 871 719 947 778; x_wconf 88' lang='lat' dir='ltr'>quas</span> <span class='ocrx_word' id='word_1_36' title='bbox 962 718 1032 778; x_wconf 91' lang='lat' dir='ltr'>per·</span> 
     </span>
     <span class='ocr_line' id='line_1_7' title="bbox 67 793 1031 870; baseline 0 -18"><span class='ocrx_word' id='word_1_37' title='bbox 67 793 173 852; x_wconf 89' lang='lat' dir='ltr'>tinent</span> <span class='ocrx_word' id='word_1_38' title='bbox 194 793 363 865; x_wconf 57' lang='lat' dir='ltr'>Ecclesiam</span> <span class='ocrx_word' id='word_1_39' title='bbox 379 795 502 870; x_wconf 78' lang='lat' dir='ltr'>quibuS,</span> <span class='ocrx_word' id='word_1_40' title='bbox 520 813 581 854; x_wconf 86' lang='lat' dir='ltr'>una</span> <span class='ocrx_word' id='word_1_41' title='bbox 602 811 670 852; x_wconf 91' lang='lat' dir='ltr'>oum</span> <span class='ocrx_word' id='word_1_42' title='bbox 693 793 849 854; x_wconf 80' lang='lat' dir='ltr'>fructibus</span> <span class='ocrx_word' id='word_1_43' title='bbox 871 797 908 854; x_wconf 90' lang='lat' dir='ltr'>ad</span> <span class='ocrx_word' id='word_1_44' title='bbox 931 795 1031 854; x_wconf 81' lang='lat' dir='ltr'>vitam</span> 
     </span>
     <span class='ocr_line' id='line_1_8' title="bbox 67 886 1030 963; baseline 0.001 -19"><span class='ocrx_word' id='word_1_45' title='bbox 67 904 127 944; x_wconf 91' lang='lat' dir='ltr'>non</span> <span class='ocrx_word' id='word_1_46' title='bbox 150 886 348 959; x_wconf 78' lang='lat' dir='ltr'>necessariis,</span> <span class='ocrx_word' id='word_1_47' title='bbox 371 891 546 963; x_wconf 89' lang='lat' dir='ltr'>opportune</span> <span class='ocrx_word' id='word_1_48' title='bbox 567 887 697 946; x_wconf 89' lang='lat' dir='ltr'>reddere</span> <span class='ocrx_word' id='word_1_49' title='bbox 711 889 922 960; x_wconf 81' lang='lat' dir='ltr'>tenebuntur,</span> <span class='ocrx_word' id='word_1_50' title='bbox 946 891 979 946; x_wconf 90' lang='lat' dir='ltr'>et</span> <span class='ocrx_word' id='word_1_51' title='bbox 999 887 1030 945; x_wconf 93' lang='lat' dir='ltr'>id</span> 
     </span>
     <span class='ocr_line' id='line_1_9' title="bbox 66 980 1032 1058; baseline 0.001 -20"><span class='ocrx_word' id='word_1_52' title='bbox 66 998 103 1039; x_wconf 87' lang='lat' dir='ltr'>ea</span> <span class='ocrx_word' id='word_1_53' title='bbox 124 980 212 1056; x_wconf 90' lang='lat' dir='ltr'>lege,</span> <span class='ocrx_word' id='word_1_54' title='bbox 238 980 325 1038; x_wconf 91' lang='lat' dir='ltr'>utin</span> <span class='ocrx_word' id='word_1_55' title='bbox 348 980 416 1056; x_wconf 90' lang='lat' dir='ltr'>ipsa</span> <span class='ocrx_word' id='word_1_56' title='bbox 443 981 591 1039; x_wconf 90' lang='lat' dir='ltr'>bonorum</span> <span class='ocrx_word' id='word_1_57' title='bbox 613 982 772 1058; x_wconf 81' lang='lat' dir='ltr'>emptione</span> <span class='ocrx_word' id='word_1_58' title='bbox 793 982 977 1053; x_wconf 78' lang='lat' dir='ltr'>declarent,</span> <span class='ocrx_word' id='word_1_59' title='bbox 1000 997 1032 1039; x_wconf 88' lang='lat' dir='ltr'>se</span> 
     </span>
     <span class='ocr_line' id='line_1_10' title="bbox 65 1071 1032 1151; baseline 0.002 -20"><span class='ocrx_word' id='word_1_60' title='bbox 65 1078 173 1148; x_wconf 87' lang='lat' dir='ltr'>empta</span> <span class='ocrx_word' id='word_1_61' title='bbox 192 1071 340 1130; x_wconf 85' lang='lat' dir='ltr'>Ecclesiis</span> <span class='ocrx_word' id='word_1_62' title='bbox 361 1077 544 1132; x_wconf 85' lang='lat' dir='ltr'>servaturos</span> <span class='ocrx_word' id='word_1_63' title='bbox 558 1078 591 1132; x_wconf 90' lang='lat' dir='ltr'>et</span> <span class='ocrx_word' id='word_1_64' title='bbox 606 1074 879 1133; x_wconf 84' lang='lat' dir='ltr'>accommodatiori</span> <span class='ocrx_word' id='word_1_65' title='bbox 893 1078 1032 1151; x_wconf 89' lang='lat' dir='ltr'>tempore</span> 
     </span>
     <span class='ocr_line' id='line_1_11' title="bbox 65 1165 1032 1244; baseline 0.001 -20"><span class='ocrx_word' id='word_1_66' title='bbox 65 1165 260 1224; x_wconf 86' lang='lat' dir='ltr'>reddituros.</span> <span class='ocrx_word' id='word_1_67' title='bbox 277 1167 418 1226; x_wconf 82' lang='lat' dir='ltr'>Caveant</span> <span class='ocrx_word' id='word_1_68' title='bbox 439 1167 627 1242; x_wconf 84' lang='lat' dir='ltr'>praesertim</span> <span class='ocrx_word' id='word_1_69' title='bbox 646 1167 809 1244; x_wconf 80' lang='lat' dir='ltr'>regulares</span> <span class='ocrx_word' id='word_1_70' title='bbox 825 1187 861 1226; x_wconf 91' lang='lat' dir='ltr'>ne</span> <span class='ocrx_word' id='word_1_71' title='bbox 877 1169 957 1228; x_wconf 88' lang='lat' dir='ltr'>bona</span> <span class='ocrx_word' id='word_1_72' title='bbox 972 1167 1032 1227; x_wconf 90' lang='lat' dir='ltr'>sibi</span> 
     </span>
     <span class='ocr_line' id='line_1_12' title="bbox 65 1260 1053 1338; baseline 0.002 -19"><span class='ocrx_word' id='word_1_73' title='bbox 65 1262 250 1336; x_wconf 85' lang='lat' dir='ltr'>comparent</span> <span class='ocrx_word' id='word_1_74' title='bbox 271 1260 355 1320; x_wconf 88' lang='lat' dir='ltr'>citra</span> <span class='ocrx_word' id='word_1_75' title='bbox 375 1260 536 1322; x_wconf 89' lang='lat' dir='ltr'>licentiam</span> <span class='ocrx_word' id='word_1_76' title='bbox 558 1264 591 1320; x_wconf 90' lang='lat' dir='ltr'>et</span> <span class='ocrx_word' id='word_1_77' title='bbox 612 1279 793 1320; x_wconf 86' lang='lat' dir='ltr'>consensum</span> <span class='ocrx_word' id='word_1_78' title='bbox 816 1279 922 1320; x_wconf 90' lang='lat' dir='ltr'>eorum</span> <span class='ocrx_word' id='word_1_79' title='bbox 945 1271 1053 1338; x_wconf 83' lang='lat' dir='ltr'>supe-‘</span> 
     </span>
     <span class='ocr_line' id='line_1_13' title="bbox 65 1353 751 1425; baseline 0 -12"><span class='ocrx_word' id='word_1_80' title='bbox 65 1355 200 1425; x_wconf 90' lang='lat' dir='ltr'>riorum,</span> <span class='ocrx_word' id='word_1_81' title='bbox 223 1353 250 1412; x_wconf 86' lang='lat' dir='ltr'>si</span> <span class='ocrx_word' id='word_1_82' title='bbox 273 1353 374 1412; x_wconf 87' lang='lat' dir='ltr'>facilis</span> <span class='ocrx_word' id='word_1_83' title='bbox 396 1355 439 1413; x_wconf 89' lang='lat' dir='ltr'>sit</span> <span class='ocrx_word' id='word_1_84' title='bbox 460 1356 496 1413; x_wconf 88' lang='lat' dir='ltr'>ad</span> <span class='ocrx_word' id='word_1_85' title='bbox 520 1373 572 1414; x_wconf 90' lang='lat' dir='ltr'>eos</span> <span class='ocrx_word' id='word_1_86' title='bbox 594 1372 751 1414; x_wconf 76' lang='lat' dir='ltr'>recursus</span> 
     </span>
    </p>

    <p class='ocr_par' dir='ltr' id='par_1_3' title="bbox 66 1449 1038 2560">
     <span class='ocr_line' id='line_1_14' title="bbox 127 1449 1033 1525; baseline -0.002 -16"><span class='ocrx_word' id='word_1_87' title='bbox 127 1450 248 1509; x_wconf 75' lang='lat' dir='ltr'>(iurent</span> <span class='ocrx_word' id='word_1_88' title='bbox 269 1450 401 1525; x_wconf 91' lang='lat' dir='ltr'>denique</span> <span class='ocrx_word' id='word_1_89' title='bbox 423 1449 630 1509; x_wconf 87' lang='lat' dir='ltr'>ecclesiastici</span> <span class='ocrx_word' id='word_1_90' title='bbox 652 1453 718 1510; x_wconf 90' lang='lat' dir='ltr'>tum</span> <span class='ocrx_word' id='word_1_91' title='bbox 741 1449 939 1522; x_wconf 87' lang='lat' dir='ltr'>saeculares,</span> <span class='ocrx_word' id='word_1_92' title='bbox 967 1453 1033 1508; x_wconf 90' lang='lat' dir='ltr'>tum</span> 
     </span>
     <span class='ocr_line' id='line_1_15' title="bbox 66 1541 1035 1619; baseline -0.002 -17"><span class='ocrx_word' id='word_1_93' title='bbox 66 1543 246 1619; x_wconf 58' lang='lat' dir='ltr'>regularem</span> <span class='ocrx_word' id='word_1_94' title='bbox 269 1561 307 1600; x_wconf 88' lang='lat' dir='ltr'>ne</span> <span class='ocrx_word' id='word_1_95' title='bbox 330 1542 396 1602; x_wconf 88' lang='lat' dir='ltr'>ulla</span> <span class='ocrx_word' id='word_1_96' title='bbox 416 1543 566 1601; x_wconf 89' lang='lat' dir='ltr'>omittant</span> <span class='ocrx_word' id='word_1_97' title='bbox 587 1541 688 1600; x_wconf 89' lang='lat' dir='ltr'>media</span> <span class='ocrx_word' id='word_1_98' title='bbox 709 1561 727 1602; x_wconf 88' lang='lat' dir='ltr'>a</span> <span class='ocrx_word' id='word_1_99' title='bbox 748 1542 817 1618; x_wconf 85' lang='lat' dir='ltr'>lege</span> <span class='ocrx_word' id='word_1_100' title='bbox 838 1541 1035 1618; x_wconf 89' lang='lat' dir='ltr'>praescripta</span> 
     </span>
     <span class='ocr_line' id='line_1_16' title="bbox 70 1635 1036 1714; baseline -0.003 -17"><span class='ocrx_word' id='word_1_101' title='bbox 70 1637 162 1714; x_wconf 89' lang='lat' dir='ltr'>(quae</span> <span class='ocrx_word' id='word_1_102' title='bbox 186 1641 303 1708; x_wconf 89' lang='lat' dir='ltr'>tamen,</span> <span class='ocrx_word' id='word_1_103' title='bbox 326 1653 382 1712; x_wconf 92' lang='lat' dir='ltr'>pro</span> <span class='ocrx_word' id='word_1_104' title='bbox 404 1643 580 1712; x_wconf 88' lang='lat' dir='ltr'>temporum</span> <span class='ocrx_word' id='word_1_105' title='bbox 603 1635 835 1703; x_wconf 87' lang='lat' dir='ltr'>vicissitudine,</span> <span class='ocrx_word' id='word_1_106' title='bbox 857 1637 958 1695; x_wconf 91' lang='lat' dir='ltr'>locum</span> <span class='ocrx_word' id='word_1_107' title='bbox 981 1637 1036 1694; x_wconf 89' lang='lat' dir='ltr'>ha·</span> 
     </span>
     <span class='ocr_line' id='line_1_17' title="bbox 68 1727 1036 1807; baseline -0.002 -19"><span class='ocrx_word' id='word_1_108' title='bbox 68 1731 144 1789; x_wconf 89' lang='lat' dir='ltr'>bere</span> <span class='ocrx_word' id='word_1_109' title='bbox 167 1730 343 1807; x_wconf 90' lang='lat' dir='ltr'>poterunt),</span> <span class='ocrx_word' id='word_1_110' title='bbox 362 1733 397 1788; x_wconf 91' lang='lat' dir='ltr'>ut</span> <span class='ocrx_word' id='word_1_111' title='bbox 418 1727 504 1786; x_wconf 86' lang='lat' dir='ltr'>diota</span> <span class='ocrx_word' id='word_1_112' title='bbox 524 1729 605 1788; x_wconf 89' lang='lat' dir='ltr'>bona</span> <span class='ocrx_word' id='word_1_113' title='bbox 625 1729 721 1788; x_wconf 87' lang='lat' dir='ltr'>etiam</span> <span class='ocrx_word' id='word_1_114' title='bbox 743 1733 813 1804; x_wconf 90' lang='lat' dir='ltr'>post</span> <span class='ocrx_word' id='word_1_115' title='bbox 836 1733 967 1788; x_wconf 89' lang='lat' dir='ltr'>mortem</span> <span class='ocrx_word' id='word_1_116' title='bbox 982 1746 1036 1786; x_wconf 91' lang='lat' dir='ltr'>eo-</span> 
     </span>
     <span class='ocr_line' id='line_1_18' title="bbox 69 1821 1035 1896; baseline 0 -16"><span class='ocrx_word' id='word_1_117' title='bbox 69 1839 153 1895; x_wconf 91' lang='lat' dir='ltr'>rum,</span> <span class='ocrx_word' id='word_1_118' title='bbox 177 1823 209 1880; x_wconf 91' lang='lat' dir='ltr'>in</span> <span class='ocrx_word' id='word_1_119' title='bbox 231 1821 368 1880; x_wconf 92' lang='lat' dir='ltr'>dominio</span> <span class='ocrx_word' id='word_1_120' title='bbox 390 1821 548 1880; x_wconf 81' lang='lat' dir='ltr'>Ecclesiae</span> <span class='ocrx_word' id='word_1_121' title='bbox 570 1826 785 1896; x_wconf 89' lang='lat' dir='ltr'>permaneant,</span> <span class='ocrx_word' id='word_1_122' title='bbox 801 1825 834 1880; x_wconf 90' lang='lat' dir='ltr'>et</span> <span class='ocrx_word' id='word_1_123' title='bbox 857 1823 1035 1881; x_wconf 87' lang='lat' dir='ltr'>nullatenus</span> 
     </span>
     <span class='ocr_line' id='line_1_19' title="bbox 69 1915 1036 1992; baseline 0 -18"><span class='ocrx_word' id='word_1_124' title='bbox 69 1916 312 1992; x_wconf 85' lang='lat' dir='ltr'>dispergantur:</span> <span class='ocrx_word' id='word_1_125' title='bbox 335 1915 415 1991; x_wconf 91' lang='lat' dir='ltr'>quod</span> <span class='ocrx_word' id='word_1_126' title='bbox 438 1915 464 1972; x_wconf 86' lang='lat' dir='ltr'>si</span> <span class='ocrx_word' id='word_1_127' title='bbox 485 1915 562 1973; x_wconf 91' lang='lat' dir='ltr'>cleri</span> <span class='ocrx_word' id='word_1_128' title='bbox 590 1916 748 1990; x_wconf 84' lang='lat' dir='ltr'>praesides</span> <span class='ocrx_word' id='word_1_129' title='bbox 777 1915 1036 1976; x_wconf 84' lang='lat' dir='ltr'>animadvertant</span> 
     </span>
     <span class='ocr_line' id='line_1_20' title="bbox 69 2012 1036 2089; baseline -0.004 -15"><span class='ocrx_word' id='word_1_130' title='bbox 69 2013 317 2074; x_wconf 86' lang='lat' dir='ltr'>ecclesiasticum</span> <span class='ocrx_word' id='word_1_131' title='bbox 347 2015 428 2072; x_wconf 90' lang='lat' dir='ltr'>hunc</span> <span class='ocrx_word' id='word_1_132' title='bbox 459 2012 571 2089; x_wconf 89' lang='lat' dir='ltr'>agendi</span> <span class='ocrx_word' id='word_1_133' title='bbox 600 2014 722 2071; x_wconf 90' lang='lat' dir='ltr'>modum</span> <span class='ocrx_word' id='word_1_134' title='bbox 750 2012 894 2071; x_wconf 85' lang='lat' dir='ltr'>¹fidelium</span> <span class='ocrx_word' id='word_1_135' title='bbox 924 2012 1036 2072; x_wconf 88' lang='lat' dir='ltr'>animis</span> 
     </span>
     <span class='ocr_line' id='line_1_21' title="bbox 70 2107 1036 2184; baseline -0.003 -16"><span class='ocrx_word' id='word_1_136' title='bbox 70 2109 217 2169; x_wconf 88' lang='lat' dir='ltr'>scandalo</span> <span class='ocrx_word' id='word_1_137' title='bbox 238 2127 316 2179; x_wconf 84' lang='lat' dir='ltr'>esse,</span> <span class='ocrx_word' id='word_1_138' title='bbox 340 2126 446 2167; x_wconf 90' lang='lat' dir='ltr'>corum</span> <span class='ocrx_word' id='word_1_139' title='bbox 469 2107 533 2166; x_wconf 89' lang='lat' dir='ltr'>erit</span> <span class='ocrx_word' id='word_1_140' title='bbox 555 2125 611 2184; x_wconf 91' lang='lat' dir='ltr'>pro</span> <span class='ocrx_word' id='word_1_141' title='bbox 635 2107 753 2166; x_wconf 87' lang='lat' dir='ltr'>viribus</span> <span class='ocrx_word' id='word_1_142' title='bbox 777 2107 906 2183; x_wconf 85' lang='lat' dir='ltr'>pusillos</span> <span class='ocrx_word' id='word_1_143' title='bbox 926 2108 1036 2165; x_wconf 89' lang='lat' dir='ltr'>dooere</span> 
     </span>
     <span class='ocr_line' id='line_1_22' title="bbox 70 2201 1036 2280; baseline -0.004 -18"><span class='ocrx_word' id='word_1_144' title='bbox 70 2203 101 2262; x_wconf 92' lang='lat' dir='ltr'>id</span> <span class='ocrx_word' id='word_1_145' title='bbox 125 2206 216 2274; x_wconf 89' lang='lat' dir='ltr'>dura,</span> <span class='ocrx_word' id='word_1_146' title='bbox 240 2203 351 2280; x_wconf 89' lang='lat' dir='ltr'>quibus</span> <span class='ocrx_word' id='word_1_147' title='bbox 373 2202 578 2262; x_wconf 85' lang='lat' dir='ltr'>ecclesiastici</span> <span class='ocrx_word' id='word_1_148' title='bbox 600 2203 750 2274; x_wconf 88' lang='lat' dir='ltr'>subsunt,</span> <span class='ocrx_word' id='word_1_149' title='bbox 773 2201 857 2260; x_wconf 83' lang='lat' dir='ltr'>ferre</span> <span class='ocrx_word' id='word_1_150' title='bbox 882 2207 1036 2278; x_wconf 90' lang='lat' dir='ltr'>tempora,</span> 
     </span>
     <span class='ocr_line' id='line_1_23' title="bbox 70 2295 1037 2370; baseline -0.002 -16"><span class='ocrx_word' id='word_1_151' title='bbox 70 2301 104 2356; x_wconf 90' lang='lat' dir='ltr'>et</span> <span class='ocrx_word' id='word_1_152' title='bbox 125 2297 238 2354; x_wconf 89' lang='lat' dir='ltr'>melius</span> <span class='ocrx_word' id='word_1_153' title='bbox 260 2314 337 2368; x_wconf 89' lang='lat' dir='ltr'>esse,</span> <span class='ocrx_word' id='word_1_154' title='bbox 357 2297 429 2354; x_wconf 91' lang='lat' dir='ltr'>dum</span> <span class='ocrx_word' id='word_1_155' title='bbox 453 2295 558 2354; x_wconf 90' lang='lat' dir='ltr'>omnia</span> <span class='ocrx_word' id='word_1_156' title='bbox 579 2295 658 2354; x_wconf 88' lang='lat' dir='ltr'>bona</span> <span class='ocrx_word' id='word_1_157' title='bbox 673 2295 829 2354; x_wconf 87' lang='lat' dir='ltr'>Ecclesiae</span> <span class='ocrx_word' id='word_1_158' title='bbox 853 2295 1037 2370; x_wconf 87' lang='lat' dir='ltr'>periclitan-</span> 
     </span>
     <span class='ocr_line' id='line_1_24' title="bbox 71 2389 1038 2468; baseline -0.001 -19"><span class='ocrx_word' id='word_1_159' title='bbox 71 2395 138 2462; x_wconf 88' lang='lat' dir='ltr'>tur,</span> <span class='ocrx_word' id='word_1_160' title='bbox 162 2407 199 2448; x_wconf 90' lang='lat' dir='ltr'>ea</span> <span class='ocrx_word' id='word_1_161' title='bbox 221 2389 335 2465; x_wconf 87' lang='lat' dir='ltr'>partim</span> <span class='ocrx_word' id='word_1_162' title='bbox 359 2389 455 2461; x_wconf 82' lang='lat' dir='ltr'>tueri3</span> <span class='ocrx_word' id='word_1_163' title='bbox 470 2393 563 2466; x_wconf 89' lang='lat' dir='ltr'>atque</span> <span class='ocrx_word' id='word_1_164' title='bbox 584 2389 689 2465; x_wconf 90' lang='lat' dir='ltr'>plures</span> <span class='ocrx_word' id='word_1_165' title='bbox 703 2389 785 2449; x_wconf 89' lang='lat' dir='ltr'>aliae</span> <span class='ocrx_word' id='word_1_166' title='bbox 800 2389 871 2449; x_wconf 88' lang='lat' dir='ltr'>addi</span> <span class='ocrx_word' id='word_1_167' title='bbox 887 2393 1038 2468; x_wconf 89' lang='lat' dir='ltr'>poterunt</span> 
     </span>
     <span class='ocr_line' id='line_1_25' title="bbox 72 2483 733 2560; baseline -0.002 -18"><span class='ocrx_word' id='word_1_168' title='bbox 72 2483 224 2554; x_wconf 75' lang='lat' dir='ltr'>rationeS,</span> <span class='ocrx_word' id='word_1_169' title='bbox 248 2501 324 2559; x_wconf 89' lang='lat' dir='ltr'>quas</span> <span class='ocrx_word' id='word_1_170' title='bbox 345 2501 444 2560; x_wconf 91' lang='lat' dir='ltr'>aequa</span> <span class='ocrx_word' id='word_1_171' title='bbox 465 2501 552 2542; x_wconf 84' lang='lat' dir='ltr'>mens</span> <span class='ocrx_word' id='word_1_172' title='bbox 573 2485 733 2560; x_wconf 83' lang='lat' dir='ltr'>suggeret.</span> 
     </span>
    </p>
   </div>
   <div class='ocr_carea' id='block_1_3' title="bbox 131 2575 964 2638">
    <p class='ocr_par' dir='ltr' id='par_1_4' title="bbox 131 2575 964 2638">
     <span class='ocr_line' id='line_1_26' title="bbox 131 2575 964 2638; baseline 0 -2"><span class='ocrx_word' id='word_1_173' title='bbox 131 2579 247 2636; x_wconf 88' lang='lat' dir='ltr'>Datum</span> <span class='ocrx_word' id='word_1_174' title='bbox 268 2579 384 2636; x_wconf 89' lang='lat' dir='ltr'>Romae</span> <span class='ocrx_word' id='word_1_175' title='bbox 406 2576 456 2636; x_wconf 88' lang='lat' dir='ltr'>die</span> <span class='ocrx_word' id='word_1_176' title='bbox 477 2577 520 2636; x_wconf 91' lang='lat' dir='ltr'>IV</span> <span class='ocrx_word' id='word_1_177' title='bbox 541 2575 707 2636; x_wconf 86' lang='lat' dir='ltr'>Februarii</span> <span class='ocrx_word' id='word_1_178' title='bbox 729 2578 964 2638; x_wconf 81' lang='lat' dir='ltr'>Moooxcvss.</span> 
     </span>
    </p>
   </div>
   <div class='ocr_carea' id='block_1_4' title="bbox 584 2723 1014 2802">
    <p class='ocr_par' dir='ltr' id='par_1_5' title="bbox 584 2723 1014 2802">
     <span class='ocr_line' id='line_1_27' title="bbox 584 2723 1014 2802; baseline 0 -20"><span class='ocrx_word' id='word_1_179' title='bbox 584 2725 661 2802; x_wconf 76' lang='lat' dir='ltr'>Igu.</span> <span class='ocrx_word' id='word_1_180' title='bbox 686 2723 877 2786; x_wconf 75' lang='lat' dir='ltr'>cardinalis</span> <span class='ocrx_word' id='word_1_181' title='bbox 896 2725 1014 2784; x_wconf 83' lang='lat' dir='ltr'>Rusca.</span> 
     </span>
    </p>
   </div>
   <div class='ocr_carea' id='block_1_5' title="bbox 72 2899 1050 3576">
    <p class='ocr_par' dir='ltr' id='par_1_6' title="bbox 72 2899 1050 3576">
     <span class='ocr_line' id='line_1_28' title="bbox 72 2899 1039 2962; baseline -0.003 -12"><span class='ocrx_word' id='word_1_182' title='bbox 72 2903 287 2961; x_wconf 74' lang='lat' dir='ltr'>Ecclesiastiques</span> <span class='ocrx_word' id='word_1_183' title='bbox 303 2903 334 2950; x_wconf 88' lang='lat' dir='ltr'>de</span> <span class='ocrx_word' id='word_1_184' title='bbox 350 2903 377 2950; x_wconf 90' lang='lat' dir='ltr'>la</span> <span class='ocrx_word' id='word_1_185' title='bbox 393 2903 514 2962; x_wconf 78' lang='lat' dir='ltr'>Belgiqua</span> <span class='ocrx_word' id='word_1_186' title='bbox 531 2915 563 2948; x_wconf 89' lang='lat' dir='ltr'>en</span> <span class='ocrx_word' id='word_1_187' title='bbox 580 2901 780 2961; x_wconf 75' lang='lat' dir='ltr'>representation</span> <span class='ocrx_word' id='word_1_188' title='bbox 796 2900 826 2948; x_wconf 88' lang='lat' dir='ltr'>de</span> <span class='ocrx_word' id='word_1_189' title='bbox 840 2899 1039 2958; x_wconf 75' lang='lat' dir='ltr'>lantspensione</span> 
     </span>
     <span class='ocr_line' id='line_1_29' title="bbox 72 2971 1050 3040; baseline -0.005 -16"><span class='ocrx_word' id='word_1_190' title='bbox 72 2979 102 3026; x_wconf 85' lang='lat' dir='ltr'>dc</span> <span class='ocrx_word' id='word_1_191' title='bbox 117 2981 224 3026; x_wconf 81' lang='lat' dir='ltr'>retraite</span> <span class='ocrx_word' id='word_1_192' title='bbox 240 2991 275 3025; x_wconf 82' lang='lat' dir='ltr'>ae</span> <span class='ocrx_word' id='word_1_193' title='bbox 286 2975 448 3040; x_wconf 77' lang='lat' dir='ltr'>pourroc&#39;ect</span> <span class='ocrx_word' id='word_1_194' title='bbox 465 2975 520 3025; x_wconf 74' lang='lat' dir='ltr'>aare</span> <span class='ocrx_word' id='word_1_195' title='bbox 542 2977 670 3040; x_wconf 75' lang='lat' dir='ltr'>anployes</span> <span class='ocrx_word' id='word_1_196' title='bbox 694 2974 743 3039; x_wconf 80' lang='lat' dir='ltr'>qui</span> <span class='ocrx_word' id='word_1_197' title='bbox 765 2989 797 3024; x_wconf 83' lang='lat' dir='ltr'>en</span> <span class='ocrx_word' id='word_1_198' title='bbox 820 2971 984 3036; x_wconf 79' lang='lat' dir='ltr'>acquisitioa</span> <span class='ocrx_word' id='word_1_199' title='bbox 1007 2971 1050 3019; x_wconf 82' lang='lat' dir='ltr'>de·</span> 
     </span>
     <span class='ocr_line' id='line_1_30' title="bbox 73 3045 1040 3116; baseline -0.007 -16"><span class='ocrx_word' id='word_1_200' title='bbox 73 3053 147 3101; x_wconf 80' lang='lat' dir='ltr'>hiem</span> <span class='ocrx_word' id='word_1_201' title='bbox 164 3052 319 3101; x_wconf 68' lang='lat' dir='ltr'>actionaria</span> <span class='ocrx_word' id='word_1_202' title='bbox 334 3052 416 3101; x_wconf 71' lang='lat' dir='ltr'>situas</span> <span class='ocrx_word' id='word_1_203' title='bbox 428 3053 495 3102; x_wconf 79' lang='lat' dir='ltr'>dunc</span> <span class='ocrx_word' id='word_1_204' title='bbox 508 3055 544 3102; x_wconf 82' lang='lat' dir='ltr'>tes</span> <span class='ocrx_word' id='word_1_205' title='bbox 557 3052 736 3116; x_wconf 74' lang='lat' dir='ltr'>deportemus</span> <span class='ocrx_word' id='word_1_206' title='bbox 746 3049 847 3110; x_wconf 80' lang='lat' dir='ltr'>re&#39;rcaia,</span> <span class='ocrx_word' id='word_1_207' title='bbox 859 3047 890 3097; x_wconf 80' lang='lat' dir='ltr'>ai</span> <span class='ocrx_word' id='word_1_208' title='bbox 902 3048 956 3097; x_wconf 71' lang='lat' dir='ltr'>dire</span> <span class='ocrx_word' id='word_1_209' title='bbox 967 3045 1040 3095; x_wconf 73' lang='lat' dir='ltr'>olid·</span> 
     </span>
     <span class='ocr_line' id='line_1_31' title="bbox 73 3123 1039 3192; baseline -0.005 -16"><span class='ocrx_word' id='word_1_210' title='bbox 73 3128 119 3176; x_wconf 72' lang='grc' dir='ltr'>πάι</span> <span class='ocrx_word' id='word_1_211' title='bbox 137 3143 174 3176; x_wconf 84' lang='lat' dir='ltr'>ou</span> <span class='ocrx_word' id='word_1_212' title='bbox 191 3128 266 3177; x_wconf 67' lang='lat' dir='ltr'>cedde</span> <span class='ocrx_word' id='word_1_213' title='bbox 283 3125 300 3176; x_wconf 74' lang='grc' dir='ltr'><strong><em>ἃ</em></strong></span> <span class='ocrx_word' id='word_1_214' title='bbox 317 3137 401 3178; x_wconf 70' lang='lat' dir='ltr'>touton</span> <span class='ocrx_word' id='word_1_215' title='bbox 419 3137 508 3178; x_wconf 81' lang='lat' dir='ltr'>autres</span> <span class='ocrx_word' id='word_1_216' title='bbox 521 3142 677 3192; x_wconf 77' lang='lat' dir='ltr'>personnae,</span> <span class='ocrx_word' id='word_1_217' title='bbox 690 3126 740 3190; x_wconf 79' lang='lat' dir='ltr'>qui</span> <span class='ocrx_word' id='word_1_218' title='bbox 752 3126 866 3174; x_wconf 81' lang='lat' dir='ltr'>acroicat</span> <span class='ocrx_word' id='word_1_219' title='bbox 878 3123 992 3188; x_wconf 77' lang='lat' dir='ltr'>iniquas.</span> <span class='ocrx_word' id='word_1_220' title='bbox 1004 3129 1039 3171; x_wconf 85' lang='lat' dir='ltr'>Le</span> 
     </span>
     <span class='ocr_line' id='line_1_32' title="bbox 73 3207 1039 3270; baseline -0.004 -14"><span class='ocrx_word' id='word_1_221' title='bbox 73 3209 158 3269; x_wconf 71' lang='lat' dir='ltr'>clergo</span> <span class='ocrx_word' id='word_1_222' title='bbox 176 3211 207 3258; x_wconf 86' lang='lat' dir='ltr'>de</span> <span class='ocrx_word' id='word_1_223' title='bbox 223 3211 250 3259; x_wconf 85' lang='lat' dir='ltr'>la</span> <span class='ocrx_word' id='word_1_224' title='bbox 266 3213 386 3270; x_wconf 84' lang='lat' dir='ltr'>Belgique</span> <span class='ocrx_word' id='word_1_225' title='bbox 402 3225 434 3258; x_wconf 89' lang='lat' dir='ltr'>ne</span> <span class='ocrx_word' id='word_1_226' title='bbox 451 3212 541 3258; x_wconf 85' lang='lat' dir='ltr'>voulut</span> <span class='ocrx_word' id='word_1_227' title='bbox 556 3211 629 3268; x_wconf 87' lang='lat' dir='ltr'>point</span> <span class='ocrx_word' id='word_1_228' title='bbox 643 3209 748 3268; x_wconf 81' lang='lat' dir='ltr'>profiter</span> <span class='ocrx_word' id='word_1_229' title='bbox 764 3209 794 3255; x_wconf 89' lang='lat' dir='ltr'>de</span> <span class='ocrx_word' id='word_1_230' title='bbox 812 3209 876 3254; x_wconf 84' lang='lat' dir='ltr'>cette</span> <span class='ocrx_word' id='word_1_231' title='bbox 894 3207 965 3264; x_wconf 78' lang='lat' dir='ltr'>offro,</span> <span class='ocrx_word' id='word_1_232' title='bbox 978 3217 1039 3252; x_wconf 82' lang='lat' dir='ltr'>sana</span> 
     </span>
     <span class='ocr_line' id='line_1_33' title="bbox 75 3283 1040 3346; baseline -0.006 -13"><span class='ocrx_word' id='word_1_233' title='bbox 75 3289 148 3334; x_wconf 79' lang='lat' dir='ltr'>avoir</span> <span class='ocrx_word' id='word_1_234' title='bbox 164 3289 181 3335; x_wconf 89' lang='lat' dir='ltr'>l’</span> <span class='ocrx_word' id='word_1_235' title='bbox 190 3289 359 3346; x_wconf 85' lang='lat' dir='ltr'>approbation</span> <span class='ocrx_word' id='word_1_236' title='bbox 369 3288 403 3333; x_wconf 88' lang='lat' dir='ltr'>du</span> <span class='ocrx_word' id='word_1_237' title='bbox 416 3284 585 3344; x_wconf 77' lang='lat' dir='ltr'>saint-Sidge.</span> <span class='ocrx_word' id='word_1_238' title='bbox 598 3286 621 3331; x_wconf 90' lang='lat'>11</span> <span class='ocrx_word' id='word_1_239' title='bbox 632 3287 748 3332; x_wconf 83' lang='lat' dir='ltr'>consulta</span> <span class='ocrx_word' id='word_1_240' title='bbox 759 3285 834 3343; x_wconf 86' lang='lat' dir='ltr'>donc,</span> <span class='ocrx_word' id='word_1_241' title='bbox 846 3286 871 3331; x_wconf 89' lang='lat' dir='ltr'>et</span> <span class='ocrx_word' id='word_1_242' title='bbox 883 3283 965 3330; x_wconf 86' lang='lat' dir='ltr'>obtint</span> <span class='ocrx_word' id='word_1_243' title='bbox 975 3284 1040 3329; x_wconf 84' lang='lat' dir='ltr'>cette</span> 
     </span>
     <span class='ocr_line' id='line_1_34' title="bbox 74 3359 1040 3435; baseline -0.007 -26"><span class='ocrx_word' id='word_1_244' title='bbox 74 3376 182 3421; x_wconf 81' lang='lat' dir='ltr'>reponso</span> <span class='ocrx_word' id='word_1_245' title='bbox 192 3364 441 3435; x_wconf 68' lang='lat' dir='ltr'>parlaNonciature</span> <span class='ocrx_word' id='word_1_246' title='bbox 452 3363 617 3420; x_wconf 68' lang='lat' dir='ltr'>apostolique</span> <span class='ocrx_word' id='word_1_247' title='bbox 633 3361 664 3407; x_wconf 87' lang='lat' dir='ltr'>de</span> <span class='ocrx_word' id='word_1_248' title='bbox 681 3363 800 3419; x_wconf 80' lang='lat' dir='ltr'>cologne,</span> <span class='ocrx_word' id='word_1_249' title='bbox 818 3361 862 3418; x_wconf 84' lang='lat' dir='ltr'>qui</span> <span class='ocrx_word' id='word_1_250' title='bbox 877 3360 904 3406; x_wconf 89' lang='lat' dir='ltr'>la</span> <span class='ocrx_word' id='word_1_251' title='bbox 920 3359 1040 3406; x_wconf 85' lang='lat' dir='ltr'>transmit</span> 
     </span>
     <span class='ocr_line' id='line_1_35' title="bbox 75 3435 1034 3496; baseline -0.003 -13"><span class='ocrx_word' id='word_1_252' title='bbox 75 3437 107 3484; x_wconf 85' lang='lat' dir='ltr'>de</span> <span class='ocrx_word' id='word_1_253' title='bbox 123 3441 238 3485; x_wconf 80' lang='lat' dir='ltr'>Muneter</span> <span class='ocrx_word' id='word_1_254' title='bbox 255 3453 287 3485; x_wconf 88' lang='lat' dir='ltr'>ou</span> <span class='ocrx_word' id='word_1_255' title='bbox 302 3440 351 3486; x_wconf 88' lang='lat' dir='ltr'>elle</span> <span class='ocrx_word' id='word_1_256' title='bbox 366 3435 478 3496; x_wconf 70' lang='lat' dir='ltr'>residoit,</span> <span class='ocrx_word' id='word_1_257' title='bbox 491 3453 524 3485; x_wconf 84' lang='lat' dir='ltr'>aa</span> <span class='ocrx_word' id='word_1_258' title='bbox 534 3441 623 3496; x_wconf 88' lang='lat' dir='ltr'>Doyen</span> <span class='ocrx_word' id='word_1_259' title='bbox 634 3435 664 3485; x_wconf 88' lang='lat' dir='ltr'>de</span> <span class='ocrx_word' id='word_1_260' title='bbox 674 3438 702 3486; x_wconf 82' lang='lat' dir='ltr'>la</span> <span class='ocrx_word' id='word_1_261' title='bbox 711 3435 848 3494; x_wconf 75' lang='lat' dir='ltr'>Collegiale</span> <span class='ocrx_word' id='word_1_262' title='bbox 865 3435 896 3482; x_wconf 84' lang='lat' dir='ltr'>de</span> <span class='ocrx_word' id='word_1_263' title='bbox 912 3438 1034 3494; x_wconf 75' lang='lat' dir='ltr'>Tongres.</span> 
     </span>
     <span class='ocr_line' id='line_1_36' title="bbox 76 3509 882 3576; baseline -0.005 -14"><span class='ocrx_word' id='word_1_264' title='bbox 76 3509 93 3575; x_wconf 95' lang='lat'><em>(</em></span> <span class='ocrx_word' id='word_1_265' title='bbox 95 3510 159 3563; x_wconf 82' lang='lat' dir='ltr'>Not.</span> <span class='ocrx_word' id='word_1_266' title='bbox 171 3512 252 3564; x_wconf 74' lang='lat' dir='ltr'>Edit.</span> <span class='ocrx_word' id='word_1_267' title='bbox 264 3513 339 3563; x_wconf 83' lang='lat' dir='ltr'>Rom.</span> <span class='ocrx_word' id='word_1_268' title='bbox 352 3513 421 3562; x_wconf 83' lang='lat'><em>1800.</em></span> <span class='ocrx_word' id='word_1_269' title='bbox 435 3511 531 3561; x_wconf 73' lang='lat' dir='ltr'>tonali.</span> <span class='ocrx_word' id='word_1_270' title='bbox 540 3528 570 3576; x_wconf 80' lang='lat' dir='ltr'>p.</span> <span class='ocrx_word' id='word_1_271' title='bbox 583 3510 655 3575; x_wconf 80' lang='lat'><em>347.)</em></span> <span class='ocrx_word' id='word_1_272' title='bbox 878 3517 882 3528; x_wconf 91' lang='grc'><em>·</em></span> 
     </span>
    </p>
   </div>
   <div class='ocr_carea' id='block_1_6' title="bbox 0 0 1322 4268">
    <p class='ocr_par' dir='ltr' id='par_1_7' title="bbox 0 0 1322 4268">
     <span class='ocr_line' id='line_1_37' title="bbox 0 0 1322 4268; baseline 0 0"><span class='ocrx_word' id='word_1_273' title='bbox 0 0 1322 4268; x_wconf 95' lang='lat' dir='ltr'> </span> 
     </span>
    </p>
   </div>
  </div>
 </body>
</html>
