2606 4268
251 401 399 480 graviore
413 401 552 478 oppressi
564 417 706 462 moerore
720 417 838 474 sumus,
848 400 932 477 ,quod
948 398 1092 459 invenire
1106 397 1219 476 plane,

251 494 394 572 quamvis
420 494 556 556 maxime
582 495 741 573 cupimus,
765 514 825 554 nou
856 495 1036 568 valcamus,
1059 512 1121 570 quo
1140 492 1220 553 illos

229 587 232 596 “
252 589 435 649 adiuvemus
455 607 523 667 ope,
539 589 715 666 vestrisque
738 589 823 650 votis
844 588 1084 649 satisfaciamus.
1100 588 1221 647 Hacte-

252 701 309 742 nus
323 671 450 758 recepta
464 681 525 742 iam
540 700 559 742 a
572 682 671 744 Nobis
685 682 716 742 in
731 684 880 743 Nostram
896 680 1048 740 ditionem
1063 683 1139 740 suni
1152 697 1219 740 non

252 775 356 838 minus
370 791 461 850 quam
473 775 539 834 tria
552 775 835 836 ecelesiasticorum
856 774 1085 851 emigratorum
1100 772 1218 834 millia.

207 927 208 932 ,
251 871 342 930 Hunc
363 871 487 928 tantum
508 871 608 929 adbuc
628 870 728 947 magis
748 887 863 946 augere
885 885 1061 941 numerum,
1075 869 1221 944 praeter·

249 979 344 1038 quam
364 962 443 1037 quod
465 962 567 1022 multo
581 962 709 1040 gravius
730 963 917 1040 adiungeret
931 963 1051 1038 pondus
1066 960 1219 1020 subiectis

251 1057 349 1117 Nobis
370 1057 492 1134 populis
502 1081 516 1131 ,·
534 1058 699 1134 praecipue
726 1057 943 1134 regularibus,
966 1057 1047 1132 apud
1068 1072 1143 1131 quos
1166 1054 1221 1114 illi

252 1151 416 1210 distributi
438 1155 575 1228 degunt,
597 1169 658 1210 non
681 1152 836 1211 mediocre
865 1152 961 1210 etiam
989 1156 1115 1209 crearet
1141 1148 1220 1225 ipsis

253 1242 426 1302 universim
447 1244 611 1321 emigratis
625 1245 675 1320 qui
693 1245 731 1304 ad
752 1245 816 1304 Nos
829 1244 1051 1321 confugerunt,
1064 1259 1219 1302 novarum

253 1337 525 1414 perturbationum
548 1337 733 1414 periculom3
749 1337 827 1414 quod
841 1337 873 1396 hi
897 1336 1062 1414 populi-cb
1084 1335 1145 1395 iam
1161 1334 1222 1392 im·

253 1423 423 1490 minentem
452 1432 508 1490 hoo
539 1449 620 1491 anno
650 1431 752 1491 victus
780 1431 941 1508 penuriam
969 1431 1062 1490 facile
1091 1427 1122 1486 in
1145 1426 1221 1486 illos

254 1523 330 1582 mali
351 1523 444 1582 huius
465 1541 588 1582 causam
611 1524 713 1584 multa
732 1541 771 1582 ex
793 1528 883 1600 parte
903 1524 1108 1582 ooniicerent.
1131 1523 1222 1581 Hanc

254 1616 293 1675 ob
314 1633 381 1674 rem
402 1614 506 1691 potius
527 1615 629 1674 visum
650 1620 711 1688 est,
726 1621 762 1676 ut
776 1617 808 1675 hi
830 1617 882 1693 qui
905 1617 956 1675 hic
978 1619 1052 1675 sunt
1073 1613 1223 1674 ecclesia·

254 1710 326 1770 stioi
347 1709 494 1784 emigrati
516 1709 677 1786 encyclica
688 1710 820 1785 epistola
833 1711 919 1787 typis
934 1710 1066 1785 vulgata
1080 1707 1223 1767 invitent

255 1803 310 1861 hos
331 1801 415 1878 ipsos
436 1799 565 1877 populos
586 1803 622 1861 ad
643 1802 860 1862 conferendam
876 1802 908 1860 in
930 1819 1092 1862 commune
1107 1801 1221 1877 stipem

255 1913 312 1972 pro
334 1894 519 1952 miserrimis
540 1893 629 1966 aliis,
653 1895 706 1970 qui
732 1894 816 1954 intcr
837 1895 1001 1956 Helvetios
1029 1913 1224 1956 commoran-

256 1993 329 2068 tur3
352 1988 474 2064 iamque
495 1988 551 2046 hoc
572 1990 660 2045 modo
681 1989 712 2046 in
736 1989 793 2047 hac
807 1987 875 2064 ipsa
897 1990 1015 2049 ditione
1027 1990 1144 2050 Nostra
1160 2007 1222 2047 non

256 2099 354 2159 parva
375 2081 510 2140 collecta
531 2086 580 2140 ost
601 2080 742 2156 pecunia.
757 2083 843 2142 Hanc
864 2082 896 2140 in
919 2099 952 2142 se
973 2099 1079 2142 curam
1102 2080 1224 2158 praeci-

256 2193 315 2252 pue
336 2174 456 2250 recepit
476 2174 542 2232 eius
564 2179 596 2232 et
617 2177 826 2250 quaerendae,
850 2175 1105 2252 colligendaeque
1129 2193 1224 2250 pecu·

256 2269 338 2342 niae,
354 2271 438 2329 etad
455 2268 531 2327 istos
552 2268 780 2327 ecclesiasticos
795 2269 1068 2338 transmittendae,
1086 2267 1224 2328 dilectus

256 2362 342 2421 filius
363 2363 479 2422 Noster
507 2361 682 2422 cardinalis
703 2361 860 2422 ltanutius
880 2363 1026 2422 Anconae
1047 2361 1221 2438 episcopus,

257 2473 384 2530 eamque
406 2454 577 2531 diligenter
602 2473 659 2531 pro
689 2473 744 2514 sua
771 2455 890 2531 pietate
919 2455 1132 2532 prosequitur.
1156 2457 1225 2515 Hoc

257 2550 358 2628 igitur
379 2549 560 2608 continuato
582 2566 637 2625 per
659 2549 755 2624 ipsius
777 2553 991 2624 praestantem
1012 2567 1139 2626 operam
1154 2549 1226 2608 sub-

258 2645 349 2718 sidio,
369 2644 440 2703 illos
462 2643 657 2720 aliquantum
679 2643 851 2715 sublevari,
873 2642 1061 2719 ibidemque,
1086 2643 1139 2701 ubi
1161 2643 1225 2703 iam

258 2739 481 2810 substiterunt,
497 2737 596 2796 vitam
619 2737 755 2796 tolerare
776 2753 863 2812 posse
885 2736 1080 2796 confidimus.
1097 2737 1226 2796 Similes

257 2834 322 2894 Nos
343 2832 404 2910 ipsi
426 2831 566 2891 dedimus
589 2831 638 2890 die
652 2831 690 2890 21
707 2819 886 2890 novembris
904 2831 978 2890 anni
995 2831 1074 2892 1792
1097 2830 1228 2891 litteras

258 2926 296 2985 ad
310 2926 490 2985 universnm
503 2925 689 2986 Germaniae
702 2923 833 2996 clerum,
847 2927 911 2983 tam
927 2925 1120 2984 saecularem
1132 2941 1227 3002 quam

259 3019 450 3096 regularem,
465 3019 577 3093 quibus
591 3016 815 3076 studiosissime
831 3017 923 3076 illum
945 3019 983 3079 ad
1000 3019 1227 3094 praestandum

259 3111 423 3188 emigratis
444 3109 666 3169 ecclesiasticis
694 3109 903 3170 necessarium
924 3111 1011 3169 vitae
1034 3110 1227 3187 praesidium

258 3202 380 3263 hortati
402 3220 517 3273 sumus,
542 3191 640 3277 neque
661 3220 722 3261 non
737 3203 874 3280 aliquem
889 3222 949 3262 non
964 3203 1154 3264 mediocrem
1170 3205 1229 3263 hn-

259 3297 307 3356 ius
329 3294 554 3357 sollicitudinis
567 3297 700 3356 Nostrae
728 3295 867 3356 fructum
895 3298 1040 3374 deinceps
1061 3297 1228 3357 exstitisse

260 3391 441 3469 gaudemus.
458 3391 525 3466 lpse
547 3389 669 3466 pariter
680 3390 881 3450 'venerabilis
899 3390 1001 3450 frater
1014 3390 1228 3452 Lucernensis

259 3485 396 3546 Nuntius
409 3483 526 3545 Noster
546 3499 631 3542 suam
643 3526 651 3554 ,
665 3481 764 3543 Nobis
786 3482 1017 3554 mandantibus,
1034 3484 1071 3545 ad
1087 3483 1227 3544 Abbates
1292 3557 1293 3560 Ἴ

260 3578 519 3640 monasteriorum
540 3575 608 3636 eius
627 3575 766 3652 regionis
781 3576 870 3638 misit
890 3577 1069 3654 epistolam,
1086 3594 1142 3638 nec
1156 3593 1227 3637 eam
1292 3575 1293 3608 l
