2582 4270
659 340 696 354 ..
718 310 759 370 52
780 340 818 354 -

255 421 398 482 illustres
420 417 578 496 praesides
600 419 725 494 gratum
741 413 878 475 animum
894 417 1046 474 testatum
1066 412 1221 472 iacerent.

256 515 304 574 Tu
326 530 399 573 sane
429 514 593 592 postquam
621 509 687 570 tuis
714 508 835 570 litteris
857 507 952 570 Nobis
980 505 1223 584 significaveras

254 605 399 684 egregios
419 623 526 668 sensus
539 605 632 670 istius
654 603 770 680 inclyti
784 605 904 674 coetus,
918 619 956 664 ea
976 599 1072 661 Nobis
1086 617 1224 668 comme-

255 698 389 763 morasti
409 697 506 762 animi
532 697 645 760 Nostri
672 697 810 763 iudicia,
835 695 949 773 quibus
969 699 1072 756 tecum
1099 693 1223 772 egimus

257 810 338 857 anno
360 791 456 864 1789,
474 791 525 852 ubi
546 792 583 852 ad
606 792 684 854 banc
706 791 820 852 almam
844 789 951 850 urbem
974 792 1006 850 te
1027 787 1221 848 contuleras.

255 888 374 950 Verum
386 886 520 948 Nostrae
535 883 567 944 in
583 888 615 942 te
630 881 836 944 humanitatis
849 881 951 943 officio
965 879 1143 942 huiusmodi
1159 879 1221 940 tibi

227 1045 230 1052 Δ
257 997 329 1044 aare
343 979 555 1051 debebantur,
576 995 668 1056 quem
690 979 724 1036 et
745 975 910 1054 sanguinis
932 975 1081 1036 nobilitas
1103 977 1142 1033 et
1157 973 1221 1034 sin-

258 1072 383 1151 gularia
395 1077 581 1132 ornamenta
594 1073 822 1132 commendant.
838 1071 903 1131 Nos
918 1087 995 1130 vero
1010 1085 1133 1145 semper
1147 1085 1224 1128 con·

258 1165 418 1228 suavimus
446 1164 597 1242 peculiari
624 1168 749 1238 nostrae
771 1163 1010 1224 benevolentiae
1039 1161 1222 1222 testimonio

257 1258 406 1337 prosequi
434 1257 519 1318 viros
540 1257 634 1319 istius
662 1256 820 1330 nationis,
840 1258 895 1335 qui
922 1255 990 1316 iure
1011 1257 1143 1333 quodam
1166 1273 1222 1314 suo

258 1355 407 1414 Nostram
429 1351 488 1412 sibi
509 1353 671 1413 vindicant
683 1350 950 1412 existimationem
962 1355 1130 1428 gratosque
1149 1365 1222 1408 sen-

259 1463 323 1520 sus3
345 1445 457 1522 quibus
477 1462 551 1505 sane
569 1463 682 1523 magna
705 1445 790 1508 facta
811 1445 949 1506 accessio
963 1448 1062 1504 estex
1075 1459 1112 1502 en
1129 1458 1223 1518 proe-

259 1539 371 1599 sertim
391 1541 545 1615 tempore,
567 1556 635 1598 cum
658 1541 790 1616 Magnae
804 1538 990 1600 Britanniae
1012 1555 1068 1598 rex
1082 1534 1223 1598 illustris

259 1635 294 1693 et
313 1631 437 1709 inclyta
458 1615 627 1691 natio‘ista
650 1631 798 1691 universa
819 1631 967 1692 maximis
987 1629 1147 1690 beneflciis
1175 1647 1226 1690 ce·

258 1725 391 1786 tholicos
412 1715 534 1796 effecit,
554 1729 587 1784 et
607 1723 725 1789 eximia
744 1741 821 1801 erga
841 1725 967 1784 exsules
993 1723 1224 1786 ecclesiasticos

259 1819 367 1883 Gallos
381 1836 437 1878 usa
457 1821 506 1878 est
520 1817 724 1878 liberalitate.
741 1818 822 1879 Hinc
835 1819 1049 1896 gratissimum
1064 1817 1162 1878 Nobis
1175 1817 1224 1876 fu-

260 1914 368 1972 turum
389 1911 449 1972 tibi
470 1914 668 1988 persuadeas,
684 1911 710 1970 si
725 1911 892 1989 ingenuam
907 1914 986 1972 hanc
1000 1911 1096 1973 animi
1110 1911 1224 1972 Nostri

260 2004 520 2082 significationem
542 2005 643 2082 palam
666 2004 807 2065 omnibus
827 2005 945 2078 facies,
970 2009 1002 2065 et
1024 2005 1049 2064 si
1071 2021 1224 2064 unacum

261 2098 398 2178 egregiis
419 2099 482 2160 tuis
503 2099 594 2159 sociis
615 2100 750 2171 curubis,
775 2103 811 2160 ut
831 2100 946 2160 melior
967 2100 999 2158 in
1022 2099 1087 2158 dies
1109 2101 1225 2160 evadat

261 2191 398 2252 conditio
411 2192 635 2253 catholicorum
650 2195 687 2253 ad
703 2192 800 2270 ipsius
810 2193 934 2271 patriae
946 2198 1019 2254 tuae
1035 2192 1223 2265 utilitatem,

262 2303 340 2364 quae
367 2285 402 2344 in·
421 2285 497 2362 ipsis
518 2285 657 2363 profecto
684 2286 792 2347 fideles
813 2291 848 2347 et
872 2286 1054 2346 obedientes
1082 2287 1224 2345 homines

253 2396 384 2455 semper
404 2382 454 2439 est
473 2383 657 2456 expertura.
671 2381 738 2444 Nos
757 2379 887 2443 iuterim
908 2379 968 2440 tibi
990 2379 1113 2440 maiora
1126 2397 1146 2439 a
1160 2381 1225 2440 Deo

262 2470 386 2548 Optimo
407 2470 543 2531 Maximo
565 2473 645 2533 bono
665 2471 768 2533 omnia
787 2475 1005 2549 adprecamnr.

323 2565 436 2624 Datum
457 2566 597 2637 Romae,
623 2565 674 2624 dic
701 2567 760 2627 VII
785 2565 977 2644 Septembris
999 2565 1222 2640 Mouuuxffl,

264 2655 470 2718 Pontificatus
490 2657 600 2720 Nostri
622 2677 701 2720 anno
722 2660 809 2720 XIX.
