2624 4260
426 191 604 249 -171-

34 294 94 354 culi
109 295 277 358 Nobiscum
292 295 448 370 futurum,
466 297 570 359 aderit
585 303 707 374 semper
720 297 838 370 Nobis,
848 301 883 357 nt
904 298 993 360 adest

35 407 126 462 nnnc,
150 407 206 448 nec
231 408 376 467 umquam
397 393 462 452 Nos
494 390 647 450 destituet
674 390 705 449 in
736 391 995 454 tribulationibus

33 485 171 556 Nostris,
188 501 248 542 non
271 471 307 542 ut
328 485 409 544 nihil
431 485 609 562 patiamur,
626 487 677 544 sed
701 489 737 544 ut
759 485 867 563 magis
879 487 911 545 in
930 486 995 546 dies

34 577 205 637 conformes
225 577 301 638 iacti
323 577 454 656 imagini
476 579 628 656 passionis
650 598 742 653 snae,
764 580 868 640 omnia
889 570 996 656 pdten·

34 673 77 729 tes
93 671 128 729 in
143 689 191 744 eo,
207 673 260 748 qui
275 691 330 732 nos
345 673 514 747 confortat,
531 675 687 750 patientes
699 675 812 749 multa,
829 675 917 734 nulla
931 693 996 735 sae·

32 768 188 828 viantium
210 771 399 831 crudelitate
428 789 629 856 superemur,
650 776 683 832 ct
703 773 942 834 mansuetudine
963 776 995 831 et

31 863 90 921 fide
105 864 225 924 Nostra
239 867 276 924 ad
292 865 463 926 Ecclesiam
474 867 661 942 augendam,
678 868 715 925 de
727 867 759 926 vi
775 871 867 943 atque
889 871 997 942 poten·

32 955 75 1014 tia
96 955 300 1017 inimicorum
323 955 502 1019 nostrorum
523 959 763 1034 triumphemus.
780 961 872 1031 Nam,
893 963 928 1018 ut
949 958 996 1020 ait

30 1054 158 1109 sanctus
178 1051 363 1112 Ambrosius
379 1051 435 1131 (1):
448 1071 467 1114 s
481 1053 575 1112 Fides
589 1052 746 1112 Ecclesiae
761 1071 859 1128 neque
875 1051 907 1110 in
930 1052 996 1128 gla-

29 1143 113 1200 »dio
129 1161 185 1201 suo
207 1143 291 1203 feras
306 1146 430 1221 expulit
448 1145 602 1218 nationes,
620 1163 674 1204 nec
688 1145 860 1204 certamine
881 1144 994 1202 bellico

28 1241 187 1296 »turmas
208 1238 344 1315 fugavit3
361 1241 414 1298 sed
429 1239 667 1299 mansuetudine
682 1256 717 1296 ac
739 1238 799 1298 fide
815 1242 918 1296 terras
934 1236 996 1295 ini·
1063 1274 1065 1281 ,

28 1347 44 1386 r
60 1330 218 1388 micorum
240 1333 390 1407 possedit.
407 1333 502 1392 Fides
519 1331 601 1390 euim
617 1331 683 1390 sola
697 1330 864 1408 pugnavit3
880 1334 913 1390 ct
928 1330 995 1388 ideo

27 1440 44 1481 a
60 1424 243 1500 triumphos
256 1425 384 1499 meruit3
400 1426 473 1502 quia
487 1425 754 1502 persecutionibus
766 1424 829 1484 suis
846 1441 906 1482 non
922 1423 994 1481 vin-

27 1517 149 1577 ›citnr
171 1519 312 1579 Ecclesia
333 1522 385 1578 scd
408 1524 553 1596 augetur.
571 1522 694 1592 »Vale,
710 1523 745 1580 D.
762 1519 799 1578 F.
816 1519 856 1579 N.
873 1520 907 1576 et
920 1535 996 1593 qno-

27 1609 112 1670 niam
136 1616 260 1673 tantam
282 1611 379 1672 animi
395 1613 587 1673 firmitatem
604 1613 662 1673 tibi
683 1611 799 1671 indidit
819 1614 912 1684 Deus,
930 1609 994 1669 noli

27 1703 58 1762 in
79 1705 306 1767 confirmandis
321 1707 476 1768 iratribus
492 1707 555 1768 tuis
571 1705 749 1783 defatigari.
767 1705 915 1782 Episcopo
932 1707 995 1764 Ru·

25 1800 224 1872 remundae,
250 1819 342 1876 qnam
363 1803 537 1860 consortem
570 1799 788 1868 tribulationis
816 1817 852 1858 ac
878 1797 995 1857 socium

25 1892 280 1968 tranquillitatis
301 1895 416 1966 habes,
444 1913 548 1971 pacem
570 1913 589 1953 a
609 1893 706 1954 Nobis
734 1896 767 1952 et
795 1892 942 1969 gaudium
962 1890 994 1948 in

23 1985 60 2042 D.
78 1987 124 2046 N.
142 1987 167 2046 I.
184 1986 311 2046 Christo
334 1988 506 2060 nuntiabis,
523 2005 654 2064 eumque
675 1991 855 2062 ceterosque
877 2003 994 2056 omnes,

24 2078 79 2153 qui
103 2079 204 2136 etiam
226 2098 295 2138 cum
319 2081 404 2141 vitae
425 2081 580 2157 periculo,
603 2085 639 2140 ut
659 2081 755 2139 bonos
775 2081 923 2139 Pastores
945 2078 996 2136 de-

23 2175 90 2244 cet,
108 2171 316 2247 apostolicam
333 2191 459 2250 operam
472 2178 589 2234 navant
600 2172 769 2245 Ecclesiae,
782 2170 907 2232 Nostris
923 2189 997 2229 ver-

22 2264 72 2324 bis
95 2264 242 2342 rogabis,
259 2271 295 2326 nt
315 2273 553 2343 perseverantes
581 2267 612 2325 in
642 2265 784 2326 oratione
806 2285 825 2326 a
845 2268 881 2325 D.
905 2265 946 2325 N.
968 2267 992 2324 l.
1103 2307 1119 2321 ..

21 2357 172 2431 Christo,
187 2357 240 2434 qui
261 2377 319 2435 pro
341 2361 484 2427 omnibus
500 2365 642 2420 mortuus
664 2365 724 2434 est,
741 2364 774 2419 et
795 2359 867 2418 vult
888 2375 994 2416 omnes

20 2452 174 2511 homines
195 2453 298 2512 salvos
319 2453 407 2527 fieri,
429 2453 461 2512 in
484 2454 626 2532 precibus
653 2455 717 2514 suis
738 2454 932 2530 impetrent,
961 2455 996 2510 ut

19 2544 321 2622 praevaricantium
342 2547 480 2606 filiorum
495 2547 703 2624 perditionem
725 2549 865 2619 avertat,
882 2543 996 2602 confir·
1041 2620 1046 2626 .

19 2645 91 2699 met
116 2639 371 2699 imbecillitatem
393 2639 610 2712 infirmorum,
634 2640 763 2700 sortium
787 2639 940 2697 virtutem
961 2640 994 2695 et

19 2732 122 2792 fidem
145 2732 315 2809 adaugeat;
339 2731 419 2791 etsi
441 2733 576 2791 nondum
598 2731 832 2809 propitiationis
854 2729 920 2789 dies
941 2731 997 2790 ad·

18 2825 131 2896 venit,
148 2842 209 2899 quo
231 2823 497 2900 tranquillitatem
525 2826 637 2884 reddat
657 2824 833 2895 Ecclesiae,
855 2840 923 2882 cam
945 2821 995 2880 vi·

20 2917 142 2978 ctoriis
165 2916 304 2976 filiorum
326 2935 453 2998 suorum
475 2921 608 2978 exornet
629 2922 722 2994 atque
743 2919 881 2993 augeat,

86 3011 325 3087 Scripseramus
346 3012 495 3071 hactenus
516 3013 572 3072 has
586 3011 713 3072 litteras
734 3011 771 3070 ad
788 3013 820 3068 te
841 3027 911 3066 cum
926 3024 996 3066 ecce

19 3106 150 3164 alteras
172 3103 344 3181 accipimus
371 3107 441 3164 tuas
463 3103 569 3164 triduo
591 3108 662 3180 post
689 3105 778 3164 datas
800 3121 836 3162 ac
858 3099 998 3178 superio-

18 3219 77 3260 res
100 3199 245 3258 fuerunt.
262 3199 297 3257 In
319 3197 368 3256 his
383 3197 510 3257 nuntias
532 3197 843 3274 archipresbyterum
864 3193 996 3256 Mechli-

18 3293 171 3352 niensem
192 3309 264 3351 cnm
279 3291 405 3350 doctore
426 3291 629 3364 Lovanicnsi,
646 3295 844 3370 utrumquee
866 3304 995 3348 numero

88 3459 131 3548 d>
148 3491 269 3538 umnec.
288 3489 316 3537 in
332 3490 426 3537 rcum.
444 3491 484 3537 ca.
