2624 4260
28 341 119 400 risiis
129 342 338 419 propositum,
351 359 410 422 quo
424 345 462 404 sb
477 346 584 405 eedem
605 345 872 416 contendebatur,
888 348 925 403 nt
937 327 995 402 inss

29 435 194 510 probaret,
216 443 400 508 revocaret,
416 440 451 497 st
466 436 578 498 irritas
591 436 710 498 iaceret
730 451 838 498 omues
852 437 996 496 Litteras

28 527 235 604 Apostoliccs
255 533 311 590 sair
321 533 451 607 piamio
476 534 527 591 uei
548 533 584 590 ia
599 533 707 610 (orma
726 532 844 592 Brevis
865 530 997 607 capedi-

29 629 100 694 tas,
127 625 268 701 itemque
291 627 452 701 rescripta
473 633 531 685 ete.
556 627 596 685 ai
625 628 823 686 auctoritate
849 624 881 685 S.
905 623 997 683 Sedis

30 717 133 790 edita,
151 725 182 778 et
197 721 406 794 pettineatia
429 720 474 779 ad
494 721 630 796 caputia
653 717 841 779 Galliarum
851 726 924 795 post
938 733 997 778 aa·

29 828 112 870 nam
134 808 230 884 1789,
247 811 305 871 ulii
326 829 447 889 quoque
467 814 560 872 erant
580 811 710 872 articuli
731 811 783 889 qui
806 826 874 871 cum
889 811 996 882 estho-

29 903 111 964 licae
133 903 282 982 religioni
297 907 330 963 ct
346 905 505 966 Ecclesiae
523 903 645 963 iuribus
659 905 795 964 maxime
810 903 915 964 iurent
928 901 996 962 exi·

29 996 171 1070 tisbilcs,
184 996 272 1056 nulia
285 997 403 1057 ideirco
417 995 543 1058 ratione
557 994 685 1056 admitti
699 998 857 1074 poterautt
870 995 944 1072 quin
956 996 994 1055 ad

29 1107 162 1150 examen
178 1090 202 1150 ii
216 1095 369 1152 vocentur
382 1090 528 1163 articuli,
542 1089 596 1167 qui
610 1089 747 1166 supremi
759 1089 883 1166 imperii
899 1090 947 1149 sui
962 1090 994 1148 in

28 1201 103 1244 suas
118 1183 266 1256 ditiones,
281 1182 459 1244 subversivi
482 1187 565 1256 sunt,
581 1181 730 1242 felicitati
751 1200 788 1242 sc
806 1181 996 1258 tranquilli·

29 1279 94 1337 tuti
109 1277 305 1337 subditorum
320 1293 446 1336 suorum
471 1274 641 1348 exitiales,
660 1279 694 1334 et
714 1275 880 1336 manifeste
899 1274 996 1334 alieni

29 1387 50 1429 a
71 1373 217 1446 respectu
238 1370 379 1430 habendo
401 1370 439 1427 ad
455 1367 535 1427 alius
557 1366 698 1426 nationes
712 1371 745 1427 ct
766 1369 940 1445 Principes,
963 1368 994 1426 in

30 1481 108 1539 quos
122 1462 305 1540 Apostolicu
318 1463 425 1533 Sedes,
441 1478 480 1520 ne
495 1459 595 1537 ipsam
610 1460 734 1538 quidem
748 1464 997 1522 neutralitatem

30 1571 162 1615 servare
185 1559 300 1632 posset.

65 1721 70 1736 .
92 1650 212 1709 Verum
233 1648 393 1710 Sanctitas
413 1649 477 1708 Suc
497 1646 637 1707 tirmiter
658 1649 758 1708 adhuc
782 1649 928 1724 contidit,
945 1650 997 1710 Di·

30 1744 205 1805 rectoriam
226 1745 472 1822 Exequutivum,
491 1747 555 1803 um
578 1761 636 1820 pro
651 1761 707 1804 sua
720 1746 892 1822 aequitate,
904 1765 996 1823 quam

29 1856 90 1915 pro
112 1837 346 1898 interventione
374 1839 406 1897 S.
431 1838 477 1897 M.
500 1835 597 1912 Regis
624 1837 846 1914 Hispaniarum
875 1842 997 1900 attente

28 1932 304 1992 consideraturum
320 1929 526 2008 gravissimas
546 1927 696 2002 rationes,
712 1931 750 1989 ob
764 1949 853 2008 quas,
869 1949 926 2007 pro
941 1949 997 1993 sua

28 2024 235 2097 conscientia,
258 2023 410 2084 articulos
431 2021 567 2081 relicere
587 2020 749 2094 decrevit,
772 2026 810 2082 ia
829 2041 896 2100 qao
920 2040 996 2084 sea-

29 2121 142 2178 teatia
151 2119 292 2196 firmiter
304 2119 366 2176 siti
382 2112 586 2175 manendam
606 2116 717 2187 scatit,
733 2115 834 2175 etiam
854 2133 926 2175 cam
947 2119 998 2174 oi-

30 2218 87 2271 tae
107 2227 184 2270 saae
203 2212 360 2286 periculo.

369 2353 656 2520 cestim

168 2587 320 2674 Adresstc
342 2613 363 2671 ὰ
387 2613 471 2674 ΜΜ.
490 2617 530 2675 les
551 2605 686 2692 iniquos
702 2615 866 2692 franceis,
930 2634 932 2640 ’

274 2707 416 2784 resopita
436 2723 477 2768 ea
498 2703 758 2786 Aapleterress).

526 2839 672 2897 wnitshall,
690 2841 714 2887 i.
725 2839 818 2886 uulua
835 2839 903 2886 1798.

155 2954 410 3025 chseigneur,

94 3059 210 3121 i’obeis
231 3077 307 3120 avec
327 3063 593 3138 compressement
613 3075 676 3120 aux
696 3059 806 3118 ordros
827 3059 867 3117 du
886 3056 946 3131 roi,
962 3073 999 3116 en

35 3169 114 3212 vous
132 3157 296 3229 envoyant
320 3153 354 3213 la
374 3154 459 3230 pisce
481 3154 511 3213 ci
532 3153 670 3226 incluse,
692 3169 750 3230 par
777 3151 913 3229 laquelle
937 3151 1002 3212 ila
1044 3215 1045 3219 ,

34 3246 90 3323 plu
111 3251 131 3304 a
150 3259 186 3304 su
207 3245 340 3322 majeste
361 3246 464 3324 queje
479 3265 555 3307 vous
576 3247 648 3306 fisse
670 3247 743 3324 part
764 3245 801 3304 de
823 3263 878 3304 son
900 3244 1003 3304 inten-

102 3391 139 3446 (1)
157 3391 219 3438 Pius
235 3393 271 3438 VI
286 3392 314 3438 in
329 3393 484 3450 Apostoliols
501 3393 606 3440 Litteris
621 3391 695 3438 datas
711 3389 744 3438 ad
759 3393 898 3449 Episcopus
914 3390 1003 3438 (tullos

29 3479 83 3527 pro
103 3463 208 3514 Otr-isto
225 3463 255 3513 ia
270 3463 375 3526 Aapiia
385 3467 523 3515 caaloates
535 3465 721 3514 commendavit
730 3465 834 3524 pletatis
844 3465 1000 3532 testimonla,

33 3541 127 3601 quibus
142 3551 187 3588 eos
201 3540 309 3600 anuum
325 3543 378 3590 Rex
395 3543 510 3590 ornabat.
523 3541 580 3590 vid.
593 3554 648 3601 sup.
660 3541 751 3601 pt194.
