2606 4268
437 328 475 340 -
498 297 557 354 147
578 327 615 340 -

43 404 165 464 Mariae
186 403 360 481 peregerit,
375 402 406 460 in
429 393 571 478 quolibet
591 419 698 460 eorum
720 402 890 478 participet
905 401 1007 463 indul·

46 497 186 574 gentiam
202 499 320 572 septem
334 511 498 567 annorum,
515 513 549 553 ac
565 494 695 552 totidem
723 496 1003 571 quadragenarum.

43 591 104 658 Qui
125 607 203 649 vero
225 589 335 666 quavis
355 589 527 661 Dominioa,
548 589 599 648 vel
620 588 683 648 alio
704 588 777 647 anni
799 588 890 661 festo,
906 589 1008 648 indul·-

45 683 185 760 gentiam
197 683 333 759 quinque
347 700 510 756 annorum,
520 683 711 759 totidemque
723 685 1004 758 quadragenarum.

45 777 105 843 Qui
127 779 251 834 demum
273 775 305 833 in
327 775 389 834 alio
404 793 594 852 quocumque
608 776 681 834 anni
696 776 745 835 die
760 793 797 834 ea
818 775 1005 852 praestabit,

44 868 274 944 indulgentiam
295 871 420 927 centum
443 859 573 928 dierum.

104 962 296 1038 Quicumque
329 963 440 1021 saltem
470 963 564 1021 semel
592 961 624 1019 in
653 961 844 1024 hebdomada
871 963 1007 1023 recitare

43 1056 210 1117 consuevit
231 1074 387 1128 coronam,
411 1060 466 1116 aut
487 1056 654 1130 rosarium,
671 1062 726 1116 aut
744 1056 874 1116 officium
890 1061 925 1124 B.
939 1059 1008 1117 Ma·

43 1153 111 1212 riae
126 1151 283 1228 Virginis,
297 1152 346 1210 vel
363 1151 590 1224 defunctorum,
604 1153 659 1212 aut
671 1169 828 1229 vesperas,
845 1153 896 1211 vel
912 1170 1007 1211 unum

43 1245 159 1304 saltem
181 1261 222 1301 ex
247 1243 411 1302 nocturnis
436 1247 469 1303 et
489 1245 630 1314 Laudes,
652 1247 708 1302 aut
730 1248 847 1320 septem
868 1245 1008 1304 Psalmo!

42 1337 294 1398 Paenitentiales
306 1355 375 1395 cum
390 1336 525 1397 Litauiis
536 1336 702 1412 earumque
717 1337 870 1413 precibus,
883 1357 942 1414 quo
958 1339 1008 1398 die

42 1434 162 1511 egerit,
186 1431 413 1508 indulgentiam
436 1433 560 1489 centum
582 1431 702 1488 dierum
724 1431 875 1507 acquiret.

103 1527 243 1602 Quisque
264 1525 398 1584 animam
420 1542 507 1584 suam
528 1527 591 1583 Deo
611 1525 644 1582 in
667 1525 802 1584 articulo
823 1527 933 1585 mortis
954 1528 1009 1585 de-

42 1625 120 1680 vote
144 1621 375 1691 commendans,
398 1613 556 1694 ipsamque
577 1617 712 1678 mortem
733 1637 830 1696 aequo
844 1639 880 1679 ac
894 1619 1009 1680 libenti

42 1717 150 1772 animo
167 1715 204 1771 de
219 1730 310 1770 manu
326 1711 451 1770 Domini
474 1711 630 1788 suscipere
645 1717 785 1788 paratus,
802 1718 835 1772 et
850 1733 924 1773 vere
939 1733 1009 1791 poe·
1080 1699 1082 1704 ’

44 1808 171 1878 bitena,
195 1805 369 1877 confessus,
392 1823 428 1864 ac
450 1822 540 1865 sacra
560 1793 780 1865 communione
802 1807 959 1881 refectus,
983 1808 1009 1868 si

41 1900 166 1970 valeat,
183 1896 320 1972 alioquin
343 1896 499 1958 contritus
514 1915 623 1954 nomen
639 1900 712 1958 lusu
733 1917 797 1970 ore,
814 1899 840 1958 si
856 1902 1008 1976 potuerit,

44 1993 94 2052 sin
111 1992 217 2050 minus
241 1991 352 2050 saltem
375 1993 466 2050 corde
488 1991 697 2060 invocaverit,
714 1993 883 2068 plenariam
906 1995 1010 2055 indul-

43 2087 188 2164 gentiam
210 2089 425 2161 consequetur.

107 2180 299 2255 Quicumque
314 2182 386 2239 ante
401 2178 513 2237 Missae
525 2179 779 2252 celebrationem,
793 2180 844 2239 vel
860 2181 1010 2257 sumptio·

44 2291 117 2331 nem
141 2271 372 2344 Eucharistiae,
388 2275 452 2330 ⁴aut
472 2270 689 2330 recitationem
713 2273 811 2332 divini
833 2271 943 2347 Officii,
959 2275 1010 2334 vel

43 2367 139 2443 parvi
162 2369 197 2426 B.
216 2367 335 2426 Mariae
357 2365 499 2443 Virginis
520 2365 654 2441 aliquam
678 2369 823 2426 devotam
846 2387 1012 2445 praepara-

43 2463 167 2520 tionem
179 2461 390 2536 praemiserit,
403 2459 629 2537 qninquaginta
640 2461 759 2521 dierum
769 2460 1010 2538 indulgentiam,

44 2554 192 2632 qualibet
213 2553 281 2612 vice
303 2540 333 2612 id
356 2553 471 2630 egerit,
487 2553 650 2630 percipiet.
677 2610 678 2613 ,

109 2648 169 2715 Qui
193 2650 336 2707 detentos
357 2647 389 2704 in
411 2647 558 2719 carcere,
580 2649 636 2707 aut
657 2651 804 2724 aegrotos
825 2648 857 2706 in
879 2650 1012 2708 Nosoco·

43 2743 122 2801 miis
143 2741 340 2814 visitaverit,
357 2760 407 2800 eos
429 2742 531 2818 aliquo
552 2742 631 2799 bono
647 2759 738 2816 opere
752 2740 939 2814 adiuvando,
956 2745 1011 2800 aut

45 2837 233 2896 Doctrinam
248 2836 456 2897 Christianam
471 2836 502 2894 in
517 2835 668 2908 Ecclesia,
684 2835 736 2894 vel
752 2835 833 2893 domi
849 2834 942 2908 filios,
956 2839 1012 2896 aut

46 2931 251 3006 propinquos,
268 2934 323 2990 aut
343 2930 475 2988 famulos
495 2928 648 3014 docuerit,
665 2929 761 2987 toties
780 2928 1010 3006 indulgentiam

46 3026 226 3084 biscentum
249 3025 369 3083 dierum
391 3029 607 3099 consequetur.

112 3117 173 3183 Qui
195 3117 234 3175 ad
256 3117 379 3193 pulsum
392 3135 557 3192 campanae
578 3114 711 3176 alicuius
731 3116 887 3174 Ecclesiae
909 3135 1011 3190 mane,
1072 3159 1074 3164 -

47 3215 107 3270 aut
135 3211 287 3284 meridie,
310 3214 366 3269 aut
393 3229 522 3286 vespere
548 3213 710 3268 consuetas
738 3227 846 3284 preces
867 3209 1013 3286 Anpelns

47 3304 185 3362 Domini
208 3312 265 3363 etc.
284 3304 384 3376 dicet,
408 3303 460 3362 vel
482 3303 507 3362 si
529 3321 580 3362 eas
604 3303 741 3379 ignoret,
766 3303 860 3361 semel
885 3303 1014 3362 Oratio-

47 3415 126 3458 nem
140 3397 348 3457 Dominicam
362 3405 393 3456 et
407 3396 644 3456 Salutationem
656 3395 849 3472 Angelicam
871 3395 923 3453 vel
939 3398 1012 3455 dato

47 3491 141 3567 signo
157 3492 214 3549 sub
228 3492 337 3550 horam
357 3491 456 3550 noctis
477 3487 587 3547 orandi
601 3507 657 3564 pro
672 3488 837 3560 defunctis,
854 3489 1012 3547 Psalmum

48 3583 98 3642 De
115 3584 305 3660 profundis,
323 3586 379 3643 aut
399 3583 425 3642 si
439 3582 521 3640 hunc
543 3581 673 3654 nesciat,
698 3580 884 3639 Orationem
905 3581 1014 3638 Dami-

894 3685 912 3717 tt
