2582 4270
679 324 717 336 -
739 293 779 352 32
801 326 838 338 ...

276 416 374 481 serat,
396 427 490 488 quam
514 411 635 472 veritas
657 414 863 489 postulabat,
887 416 1014 486 tamen,
1038 412 1086 472 uti
1107 402 1249 472 fructuo-

223 547 225 554 .
277 522 345 564 sum
367 508 562 590 sarmentum
584 506 725 583 gloriosa
746 506 898 585 martyrii
926 506 1008 568 falce
1029 509 1112 566 Deus
1134 523 1250 583 purga·

276 597 328 657 vit
348 599 429 675 quod
452 597 557 658 adh'uc
579 601 776 678 purgandum
802 602 893 671 erat,
918 602 954 659 ut
976 598 1108 659 totidem
1130 599 1248 674 verbis,

277 691 421 768 pluribus
442 691 474 750 in
495 692 573 752 locis
594 694 694 754 refert
715 696 748 754 S.
764 693 962 772 Augustinus
984 693 1049 771 (1).

337 786 406 846 Νοο
435 784 532 845 aliter
560 786 709 847 instituta
736 787 917 863 quaestione
939 785 972 844 in
994 784 1248 862 congregatione

276 878 431 952 Rituum,
444 897 518 938 num
539 880 681 940 obstaret
701 881 860 958 martyrio
878 878 1004 940 Ioannis
1019 879 1056 936 de
1070 877 1177 937 Britto
1193 878 1249 937 So-

279 973 352 1033 ciet.
369 974 450 1046 Iesu,
473 974 554 1049 quod
576 975 608 1032 in
630 973 778 1034 missione
799 973 978 1034 Madurensi
999 971 1180 1032 adhibuerit
1194 990 1249 1030 ve·

278 1058 355 1127 titos
377 1067 460 1126 ritus
481 1067 639 1140 Sinenses,
656 1087 716 1128 non
731 1069 931 1128 haesitarnnt
944 1065 1162 1142 Suffragantes
1177 1084 1249 1124 con-

277 1159 388 1219 venire
409 1160 442 1218 in
464 1178 556 1220 sensu
578 1161 738 1238 negativo,
754 1161 877 1221 scilicet
897 1179 957 1219 non
979 1160 1116 1232 obstare,
1132 1177 1172 1218 ex
1186 1175 1246 1234 quo

276 1251 334 1312 Dei
347 1254 465 1313 Servus
480 1271 536 1330 per
551 1255 739 1332 subsequens
759 1253 953 1331 martyrium
975 1252 1127 1330 sanguine
1144 1256 1249 1312 retra·

277 1346 417 1406 ctauerit
437 1366 526 1407 usum
547 1347 686 1424 ipsorum
708 1347 841 1408 rituum:
859 1348 909 1407 sed
927 1347 1013 1407 scissi
1027 1345 1158 1405 fuerunt
1172 1363 1247 1406 num

277 1439 443 1516 expediret
463 1439 605 1517 prolerre
625 1441 800 1502 favorabile
819 1441 991 1512 decretum,
1008 1457 1046 1497 ne
1062 1441 1247 1515 captaretur

279 1534 400 1593 occasio
414 1534 630 1611 propugnandi
645 1552 800 1594 recessum
815 1533 913 1593 fnisse
928 1551 946 1592 a
960 1531 1098 1610 repetita
1112 1531 1247 1608 proscri-

278 1626 385 1703 ptione
406 1626 575 1686 eorundem
596 1627 727 1688 rituum.
752 1629 797 1688 At
816 1626 1005 1687 Benedictus
1026 1627 1103 1685 XIV
1123 1642 1247 1684 omnem

278 1717 411 1779 sustulit
432 1717 648 1780 difficultatem
663 1719 895 1796 praecipiendo,
911 1737 949 1778 ne
970 1737 1010 1778 ex
1031 1710 1157 1777 decreto
1175 1735 1247 1794 pro·

277 1810 455 1870 nunciando
476 1811 588 1871 inferri
609 1815 715 1888 posset
736 1812 939 1888 apostolicam
960 1811 1071 1871 Sedem
1099 1813 1246 1870 recedere

277 1903 414 1964 voluisse
441 1923 460 1965 a
488 1905 766 1965 constitutionibus
793 1911 924 1964 suorum
941 1905 1245 1976 Praedeecssorum,

277 1997 360 2057 ritus
381 1997 556 2057 antedictos
578 1997 825 2075 prohibentibus,
848 2001 882 2058 at
902 1996 1032 2056 insimul
1056 1996 1247 2073 approbavit
1277 2077 1278 2080 Ἴ

261 2090 536 2150 ‘retractationem
555 2091 698 2153 emissam
713 2110 731 2152 a
745 2109 817 2152 ven.
833 2091 959 2164 Ioanne,
975 2109 1037 2150 non
1052 2095 1244 2154 atramento.
1277 2095 1278 2115 ¹

277 2185 330 2244 sed
352 2184 515 2262 sanguine,
538 2185 731 2245 decernendo
752 2185 925 2262 oppositam
947 2183 1161 2261 exceptionem
1184 2202 1244 2243 non

277 2278 413 2351 obstare,
436 2279 600 2356 quominus
622 2280 655 2338 in
677 2297 769 2340 causa
790 2298 861 2339 ven.
879 2279 964 2338 servi
982 2277 1039 2338 Dei
1060 2277 1186 2338 Ioannis
1208 2279 1245 2336 de

276 2371 384 2431 Britto
399 2373 437 2430 ad
453 2372 608 2432 ulteriora
629 2374 851 2448 procederetur
865 2374 903 2432 ad
918 2370 1142 2430 discussionem
1157 2369 1246 2430 dubii
1274 2401 1275 2429 t

277 2482 372 2542 super
393 2466 569 2543 martyrio,
592 2470 625 2525 et
646 2484 739 2526 causa
759 2465 927 2542 martyrii,
951 2483 1006 2524 nec
1028 2483 1087 2524 non
1110 2465 1244 2524 alterius
1273 2517 1274 2533 ,

278 2556 364 2618 dubii
390 2559 427 2617 de
452 2559 550 2635 signis
571 2562 605 2618 et
625 2559 806 2633 miraculis,
828 2577 906 2636 quae
927 2559 995 2617 eius
1022 2557 1244 2634 intercessione
1272 2613 1273 2639 ,

275 2653 405 2728 patrata
433 2651 599 2724 dicuntur,
624 2655 660 2711 ut
681 2669 721 2710 ex
742 2653 869 2711 decreto
891 2655 966 2711 tnnc
994 2651 1078 2725 lato,
1101 2656 1134 2714 et
1156 2654 1272 2743 typis

277 2743 426 2821 evulgato
447 2745 468 2806 2
488 2744 561 2804 Iulii
584 2745 673 2805 1741
690 2746 754 2804 Hoc
773 2747 837 2806 Nos
858 2745 1006 2805 instructi
1027 2747 1166 2818 decreto,
1190 2749 1271 2808 vel

275 2854 345 2897 ram
368 2855 434 2896 esse
462 2837 614 2913 planeque
642 2838 874 2913 comprobatam
902 2841 1066 2898 cernentes
1089 2813 1271 2902 Ludoviei

276 2930 556 3003 retractationem,
583 2930 732 3006 scriptam
754 2935 788 2991 et
808 2935 1004 3005 atrament,o
1034 2933 1067 2990 et
1093 2948 1244 3009 generoso

276 3023 344 3082 eins
366 3023 517 3100 sanguine
537 3023 645 3096 effuso,
669 3042 728 3082 non
750 3024 843 3100 longa
863 3024 1038 3083 abeundum
1057 3023 1155 3084 Nobis
1176 3045 1268 3086 esse
1268 2999 1269 3057 i

276 3133 436 3176 censemus
458 3134 476 3176 a
495 3115 658 3176 Benedicti
679 3116 806 3191 iudicio,
822 3134 881 3176 non
902 3117 965 3176 iam
985 3121 1022 3177 ut
1043 3117 1145 3177 simile
1159 3138 1242 3179 nnnc
1267 3083 1268 3163 i

276 3209 474 3269 efformemus
496 3211 669 3283 decretum,
686 3211 739 3270 sed
754 3209 813 3269 ut
805 3229 836 3268 in
851 3211 968 3270 Nostra
989 3211 1186 3269 constemus
1178 3230 1242 3271 ram

274 3307 441 3379 praecepta
454 3301 550 3364 animi
566 3303 721 3362 sententia
743 3305 780 3362 de
801 3303 957 3381 martyrio
972 3305 1057 3381 regis
1072 3305 1240 3379 Ludoviei,

338 3451 372 3504 (1)
383 3450 463 3508 Epist.
473 3451 565 3499 xum.
578 3449 610 3497 ad
620 3451 738 3498 Vincent.
749 3450 874 3508 Rogatist.
886 3465 956 3498 num.
971 3453 1009 3499 40.
1022 3452 1052 3507 at,
1058 3450 1138 3509 Epist.
1149 3453 1241 3499 cvm.

276 3524 308 3572 ad
318 3526 429 3574 Maerob.
438 3539 507 3574 num.
519 3529 543 3583 9,
555 3527 615 3573 tom.
628 3527 663 3572 ΙΙ.
675 3536 743 3583 oper.
755 3525 803 3572 col.
816 3527 870 3573 247.
879 3528 965 3584 etuoe,
978 3529 1004 3574 et
1014 3528 1103 3575 contra
1113 3527 1241 3576 Gaudent.

274 3602 403 3650 Donatist.
415 3603 460 3650 lib.
472 3605 506 3649 II.
518 3613 587 3650 num.
601 3602 624 3648 9.
637 3603 697 3648 tom.
710 3601 754 3648 IX.
766 3601 814 3648 col.
826 3603 881 3650 671.
892 3601 952 3650 edit.
965 3601 1046 3651 Paris.
1057 3603 1170 3651 Macrin,
