2632 4262
463 284 500 296 -
521 251 587 319 265,
603 283 640 296 -

70 354 205 414 maxime
232 355 367 415 omnium
390 355 525 418 invisam
544 359 707 418 Pontificis
734 359 957 420 auc-toritatem
985 359 1031 419 di-

70 448 284 527 gnitatemque
306 451 410 510 omnia
431 451 497 512 tela
519 451 711 512 coniicieuda
733 457 852 526 essent3
876 453 948 530 quid
971 453 1030 513 sibi

69 542 246 603 laciendum
269 563 334 604 esse
356 545 494 606 statuit?
522 547 571 606 Me
602 547 771 607 miserum!
797 549 878 609 Nam
905 547 936 606 in
959 565 1029 607 eum

69 655 117 696 me
140 638 263 697 venisse
284 639 386 699 locum
408 639 531 714 sentio,
560 642 640 701 uude
663 660 728 702 sese
750 642 853 702 oratio
874 643 1027 718 nequeat,

69 750 108 790 ne
130 731 157 789 si
180 731 337 809 integram
359 733 482 809 quidem
499 733 558 794 sibi
573 735 653 793 diem
669 736 850 813 sumpserit,
867 733 1027 810 expedire.

69 824 135 889 Quo
157 825 240 884 enim
263 825 319 884 ille
332 843 399 885 sese
421 845 481 886 non
504 828 618 900 vertit,
634 846 693 904 quo
715 847 774 887 non
791 828 941 898 accurrit,
956 828 1029 904 quid

68 916 236 990 laborum,
259 919 528 993 sollicitudinum,
551 921 767 980 molestiarum
797 939 858 980 non
881 921 1029 997 suscepit,

69 1012 106 1068 ut
142 1015 336 1086 grassantem
370 1013 508 1088 quotidie
544 1014 641 1074 latius
673 1015 815 1073 morbum
848 1015 1029 1086 cohiberet,

67 1108 286 1176 monstraret,
317 1107 495 1179 evelleret,
526 1107 680 1167 tolleretl
708 1107 816 1184 Serpit
844 1107 906 1166 iam
936 1095 1031 1166 Italia

68 1198 190 1274 pestis,
214 1205 247 1260 et
268 1220 327 1277 quo
349 1203 525 1278 paratiores
554 1203 669 1261 habeat
695 1203 855 1262 adiutores
883 1200 1031 1260 consilio-

68 1308 152 1360 rum,
176 1312 253 1368 qnae
275 1295 380 1369 paullo
403 1299 473 1371 post
492 1297 680 1371 expetitura
700 1301 789 1369 erat,
811 1294 926 1370 agnina
948 1293 1029 1368 pelle

67 1389 247 1444 contectum
279 1387 387 1464 lupum
415 1389 570 1461 instruit,
603 1389 656 1465 qni
691 1388 858 1448 severioris
888 1385 1030 1462 discipli-

68 1495 128 1536 nae
158 1480 288 1540 obtentn
318 1481 407 1540 virus
436 1487 583 1556 evomat,
618 1501 653 1542 ac
686 1483 765 1542 illud
795 1483 826 1540 in
855 1479 929 1558 ipsis
957 1497 1030 1538 ncu-

69 1568 110 1629 lis
137 1573 242 1646 urbis,
267 1577 300 1634 et
325 1574 488 1634 Pontificis
513 1575 682 1652 propinet?
707 1576 838 1634 Praesto
861 1578 909 1633 est
935 1573 1027 1644 Pius,

69 1666 104 1723 at
132 1667 216 1725 omni
246 1669 467 1739 humanitate,
496 1668 717 1745 benignitate,
747 1668 914 1728 clementia
942 1682 1031 1724 ovem

69 1756 172 1817 facere
194 1761 231 1819 de
260 1762 334 1838 lupo
364 1763 481 1820 studet.
508 1761 597 1822 Nihil
622 1761 817 1838 benignitate
845 1760 1028 1838 proficitur,

70 1854 166 1928 atque
194 1855 269 1914 adeo
297 1855 398 1914 malus
428 1854 565 1914 hostium
592 1855 706 1914 erescit
733 1855 878 1924 animus,
905 1859 937 1914 et
965 1871 1031 1913 ma·

8 1983 9 2016 ,
69 1964 163 2022 gnam
184 1949 301 2009 conflat
322 1953 453 2022 struem,
477 1953 557 2008 unde
579 1949 637 2008 sibi
656 1952 784 2026 quisque
806 1967 959 2008 venenum
978 1965 1031 2007 ar-

8 2103 9 2124 }
70 2040 191 2116 ripiat‚
215 2043 422 2120 omninoque,
447 2047 482 2102 ut
504 2043 603 2120 tigres
632 2045 804 2104 efferantur
826 2044 959 2117 musica,
987 2044 1030 2103 sic

70 2135 220 2194 comitate
242 2137 376 2196 maiores
398 2137 478 2196 liunt
500 2136 651 2213 spiritus?
672 2139 771 2198 Adest
791 2137 884 2210 Pius,
901 2137 1031 2195 moniti-

69 2245 129 2303 que
157 2245 300 2302 memor,
323 2248 382 2306 quo
407 2229 556 2290 Dominus
585 2234 692 2290 noster
718 2233 803 2290 Iesus
824 2229 968 2292 Christus
996 2248 1029 2288 se

69 2337 196 2397 rogasse
218 2339 274 2398 pro
295 2324 392 2382 Petro
414 2327 551 2382 testatus
573 2327 643 2398 est,
668 2327 784 2383 utnon
807 2323 934 2384 deficiat
954 2323 1030 2382 fides
1073 2335 1077 2342 ·

69 2413 149 2483 eius,
172 2430 342 2474 conversus
364 2416 530 2474 confirmat
550 2415 668 2476 fratres
690 2435 771 2476 suna.
796 2418 937 2493 Torpent
951 2415 1028 2488 fere,

69 2505 196 2582 suisque
218 2508 366 2584 periculis
393 2509 624 2568 indormiscunt
650 2509 815 2587 pleraeque
837 2511 973 2581 Gentes,
997 2511 1031 2568 et

70 2601 204 2675 Regna,
227 2605 260 2660 et
282 2603 337 2660 vix
358 2603 637 2676 animadvertunt,
660 2605 738 2663 hanc
767 2607 888 2664 tantam
913 2602 1031 2660 machi·
1056 2632 1059 2640 ·

71 2693 233 2750 nationum
255 2697 390 2766 molem,
410 2715 485 2772 quas
507 2698 612 2755 hostes
634 2698 781 2772 expedire
803 2699 912 2756 eontra
934 2695 1031 2754 solam

70 2785 270 2862 Religionem
294 2789 499 2861 videbantur,
522 2790 554 2847 in
580 2789 747 2866 perniciem
770 2791 974 2847 humanarum
997 2804 1031 2844 o-

70 2880 190 2940 mnium
213 2898 319 2941 rerum
343 2885 585 2943 convertendam
608 2900 697 2952 esse,
720 2901 776 2941 nee
803 2885 851 2941 tot
872 2880 1030 2955 tantisque

69 2973 206 3040 motibus
228 2975 314 3034 alind
338 2976 445 3051 quaeri
468 2975 527 3034 nisi
549 2993 673 3045 casum,
695 2973 839 3044 ruinam,
862 2972 1030 3032 interitum

69 3069 207 3144 Regum,
229 3073 261 3126 et
283 3072 476 3144 Regnorum,
492 3073 525 3128 et
543 3068 643 3127 totius
658 3067 772 3142 reliqui
787 3067 902 3139 cultus,
918 3065 1032 3126 omnis-

70 3176 129 3232 que
153 3160 384 3231 humanitatis;
409 3165 504 3236 atque
534 3161 615 3218 hanc
636 3178 701 3228 esse
723 3159 925 3218 consiliorum
948 3177 1032 3218 sum-

69 3269 165 3324 mam,
190 3256 225 3310 ut
246 3253 387 3312 homines
410 3271 476 3312 esse
497 3270 563 3310 sese
585 3271 690 3312 omnes
709 3253 982 3324 obliviscerentur,
999 3258 1032 3312 et
1076 3291 1078 3298 ι

8 3395 10 3420 ,
68 3344 211 3404 ferarum
233 3364 320 3405 more
343 3347 453 3406 vivere
475 3346 621 3406 velleutl
641 3349 711 3408 Non
734 3350 835 3407 cessat
857 3346 954 3418 Pius,
980 3348 1033 3405 da·

70 3439 175 3515 tisque
195 3457 277 3498 nunc
302 3443 339 3501 ad
362 3440 542 3517 Episcopos,
559 3459 638 3500 nune
660 3443 696 3500 ad
713 3440 796 3517 ipsos
811 3443 913 3517 Reges
927 3457 1034 3498 amau-

70 3532 205 3592 tissimis
220 3533 372 3608 epistolis,
399 3534 551 3609 rogando,
566 3534 733 3605 hortando,
751 3533 896 3593 instando
912 3537 1029 3607 monet,
