2632 4262
566 277 570 286 ·
680 277 716 294 -·
738 248 799 309 274
825 277 857 294 ··

289 359 324 418 et
342 354 423 417 alias
437 353 510 416 aliis
531 353 655 415 additas
676 369 831 432 superque
845 353 1020 414 cumulatas
1034 369 1195 413 aerumnas
1206 354 1235 410 et

289 447 491 510 calamitates
512 447 699 523 describere,
715 451 811 525 atque
832 449 980 528 inaures
994 447 1126 508 aliorum
1147 444 1237 522 pessit

290 542 476 614 immittere3
490 541 676 618 praesertim
687 559 782 618 qaum
797 540 1002 602 conterendae
1017 539 1163 600 sint'oum
1178 540 1238 600 tota

290 635 349 696 illa
369 634 538 712 patientia,
561 635 727 707 firmitate,
750 635 930 707 alacritate,
949 633 1140 706 constantia,
1155 649 1237 708 qnam

291 730 445 806 augustus
459 729 562 788 Senex
584 747 644 788 non
666 733 731 788 tam
753 729 859 788 verbis
879 727 965 806 (nam
978 731 1014 788 et
1034 725 1238 806 localitatis

291 826 328 882 et
346 821 518 882 modestiae
539 821 620 901 fuit)
641 839 732 900 qnam
760 821 844 882 omni
871 820 993 898 reliquo
1021 823 1135 882 decoro
1162 821 1238 880 stato

291 916 444 993 corporis,
459 921 493 976 et
514 927 615 994 gestu,
632 921 664 976 et
679 921 769 990 nutu,
785 919 819 976 et
840 917 908 992 ipsa
929 917 1099 978 venerandi
1121 915 1186 975 oris
1198 929 1240 972 sa-

291 1011 430 1072 renitate
450 1028 485 1070 ac
506 1010 671 1070 maiestate
686 1011 880 1072 declarabat?
895 1011 1061 1082 Trahitur,
1073 1013 1241 1068 monstran-

293 1108 325 1164 te
339 1105 425 1163 viam
446 1103 561 1162 immiti
583 1121 618 1163 ao
639 1103 774 1165 barbaro
796 1103 911 1175 milite,
926 1102 1027 1162 maior
1049 1100 1239 1179 octogenario

201 1222 204 1227 ’
292 1201 489 1260 venerandus
510 1198 630 1258 Senex:
653 1198 761 1275 etqui
783 1199 839 1258 vix
860 1197 942 1256 domi
964 1198 1045 1256 Suae
1066 1197 1120 1256 vel
1141 1195 1240 1256 sedena

293 1294 345 1354 val
361 1293 465 1352 iacens
486 1291 645 1352 tantulum
664 1293 742 1368 qnod
765 1290 851 1350 vitae
866 1293 1043 1366 superesset
1056 1291 1171 1349 ducere
1184 1288 1241 1348 sine

292 1385 432 1463 periculo
447 1384 556 1462 possit,
572 1384 707 1444 brumali
726 1387 865 1460 tempora
879 1399 973 1460 quom
988 1382 1061 1460 gelu
1073 1385 1109 1442 et
1121 1381 1242 1459 frigoris
1290 1421 1291 1424 κ

292 1479 326 1538 vi
339 1477 444 1537 omnia
464 1476 515 1536 vel
537 1475 700 1536 intereunt
722 1477 773 1536 vel
795 1477 842 1536 ita
863 1477 1016 1536 labednut
1029 1479 1066 1536 ut
1081 1475 1242 1536 videantur
1290 1503 1291 1522 ÷

291 1570 473 1642 interiisse,
497 1587 646 1645 suparare
667 1569 824 1646 Apennini
849 1571 923 1647 iuga
943 1568 1089 1646 cogitur,
1111 1587 1191 1646 quae
1211 1585 1242 1626 ne

291 1663 358 1740 ipse
379 1663 503 1740 quidem
531 1661 664 1722 immitis
691 1667 724 1722 et
745 1663 896 1723 barbarus
923 1663 1062 1722 libenter
1083 1665 1244 1740 superaret
1290 1679 1291 1736 l

291 1755 393 1827 miles,
410 1755 470 1812 nisi
491 1753 562 1814 sitis
582 1755 784 1814 interimendi
806 1757 976 1816 venerandi
997 1757 1086 1816 Senis
1108 1756 1245 1834 impelle·

291 1850 352 1908 ret
369 1848 399 1906 lt
414 1845 563 1906 Pontifex
585 1847 757 1925 tranquillo
773 1848 959 1924 ¹excelsoque
977 1849 1079 1908 animo
1094 1852 1145 1910 sui
1167 1867 1246 1910 secu·

291 1959 358 2013 rus,
374 1958 500 1999 suornm
522 1939 634 2000 salutis
656 1941 1037 2019 sollicitus3=miraturque
1052 1942 1144 2002 miles
1165 1961 1245 2003 seco·

291 2035 390 2096 ritate
410 2053 446 2094 ac
467 2032 662 2112 negligentia
676 2035 769 2096 ¹vires
791 2035 865 2096 Seni
885 2053 1039 2096 crescere:
1057 2039 1091 2095 et
1104 2037 1162 2113 qni
1185 2055 1246 2113 spe

292 2129 385 2190 rabat
404 2128 540 2189 extincti
561 2129 698 2188 cadaver
713 2127 837 2189 occulta
857 2127 941 2188 inter
961 2135 1082 2188 montes
1103 2129 1248 2206 ignobili·

292 2242 351 2300 que
366 2224 450 2283 valle
467 2227 523 2284 aut
542 2223 625 2283 fossa
639 2239 728 2300 posse
744 2223 899 2296 deserere3
912 2223 1048 2284 miratur
1059 2243 1091 2284 se
1102 2227 1144 2284 ad,
1155 2227 1247 2286 Seras
1290 2273 1291 2278 1

290 2316 468 2374 robustiore
496 2333 588 2392 quam
609 2319 682 2374 ante
708 2315 862 2375 Pontifice
890 2316 1081 2392 pervenisse.
1099 2319 1182 2386 Quid
1204 2319 1248 2381 ia·

291 2407 369 2466 ciat?
382 2407 447 2468 Nec
468 2408 551 2466 enim
572 2410 728 2468 temerare
747 2413 877 2468 cruento
893 2409 1064 2486 parricidio
1077 2413 1247 2474 sceleratas

291 2517 419 2573 manus,
441 2499 503 2560 etsi
531 2499 667 2560 maxime
695 2505 843 2578 cuperet,
866 2501 1052 2579 iubebatur;
1073 2509 1107 2565 et
1123 2505 1193 2566 iam
1214 2524 1247 2566 eo

291 2591 418 2652 itineris
439 2610 616 2670 processum
639 2603 721 2666 erat,
734 2598 771 2655 ut
791 2595 887 2655 Seras
901 2596 1140 2674 ingrediendum
1154 2605 1246 2662 esset.

292 2687 492 2764 Ingreditur3
508 2689 542 2746 et
563 2705 616 2764 spe
637 2691 740 2765 capta,
760 2689 828 2748 fore
850 2691 885 2749 ut
906 2691 1006 2765 senio,
1020 2709 1184 2768 aerumna,
1199 2713 1250 2755 aa·

292 2780 454 2858 gritudine
474 2779 633 2842 confectus
654 2781 744 2842 brevi
766 2783 905 2857 occidat,
928 2801 1096 2862 parumper
1116 2787 1246 2848 deserit,

291 2875 402 2949 Pater,
416 2875 469 2952 qni
483 2893 560 2952 quos
574 2876 678 2936 exitus
692 2875 901 2936 moestissima
916 2879 1078 2956 tragoedia
1098 2884 1182 2942 essct
1196 2883 1248 2941 ba·

292 2967 400 3027 bitura
420 2985 534 3045 magno
556 2969 685 3054 videbat
704 2969 819 3043 animo,
835 2969 953 3031 maiore
973 2973 1194 3052 prospiciebat,
1212 2992 1247 3033 us

291 3062 364 3138 qnid
380 3062 420 3122 ab
440 3062 529 3123 exitu
550 3063 758 3124 moestissimo
774 3063 915 3126 Ecclesia
928 3065 1112 3128 detrimenti
1126 3071 1248 3145 patere·

292 3157 357 3212 tur.
374 3155 484 3230 ltaque
505 3158 539 3216 et
559 3175 671 3218 curare
692 3157 805 3218 anxios
825 3158 1024 3236 Apostolicae
1045 3160 1246 3222 auctoritatis

291 3245 543 3323 elargitionibus,
557 3254 593 3310 ut
611 3269 649 3310 ne
663 3251 736 3327 qnid
751 3252 873 3312 interea
887 3252 966 3312 viris
977 3253 1148 3316 Catholicis
1160 3255 1246 3314 dees-

292 3341 352 3411 set,
368 3341 402 3398 et
423 3344 640 3418 propagandae
656 3345 880 3405 sacrosanctae
897 3347 986 3407 Fidei
1009 3347 1113 3408 studio
1127 3347 1246 3408 inflam-

291 3433 394 3491 matus
416 3433 495 3493 nihil
517 3434 618 3512 magis
638 3453 871 3515 superaquam
893 3443 929 3498 ut
948 3441 1189 3500 sanctissimum
1207 3442 1243 3498 de

292 3524 498 3603 Propaganda
508 3526 586 3588 Fide
601 3527 782 3592 institutum
794 3533 912 3594 Romae
921 3533 989 3594 iam
1003 3533 1147 3594 funditus
1157 3549 1245 3596 eren*
