2624 4260
518 143 701 216 1-165-

583 309 647 362 U.

483 410 751 471 FAOULTATES

184 571 377 611 summumne
393 569 474 608 HDEP
484 571 585 609 clusam
601 571 779 608 aaronem
795 569 848 606 m
864 567 1051 614 DEPOBTANDIS,

297 647 413 686 suom
440 649 514 688 sums
541 643 732 684 common!
756 645 930 690 muamus,

360 723 544 762 moremur!
560 722 720 760 nosromca
735 721 880 758 concussu

298 840 343 908 a.
376 841 416 909 r.
451 841 495 908 n.
528 839 693 928 rarae,
713 837 932 906 cnevius

133 997 289 1076 Arcticp.
312 999 462 1071 Ilioneus,
485 999 610 1058 Nautio
637 999 819 1075 Apostolioo
847 998 890 1056 ad
918 996 1094 1072 Helvetios,

396 1093 548 1165 Rhoetea,
577 1093 764 1153 Valerianos
786 1100 844 1184 etc.

194 1279 270 1340 Oum
286 1279 391 1357 plures
403 1280 577 1339 Galliarum
593 1279 727 1357 episcopi
738 1283 863 1338 sanctae
876 1279 963 1338 Sedis
975 1281 1099 1354 aposto-

133 1373 215 1433 licae
236 1373 482 1432 communionem
505 1373 666 1445 habentes,
689 1389 745 1449 pro
768 1391 824 1431 sua
844 1373 995 1448 pastorali
1010 1372 1115 1448 solli-l

133 1467 273 1527 citudine
296 1471 329 1526 et
351 1467 421 1528 fidei
444 1466 617 1526 catholicae
639 1469 731 1542 atque
753 1465 928 1524 animarum
943 1465 1020 1538 zelo,
1037 1465 1099 1542 spi·

134 1561 281 1633 rituales
304 1562 416 1638 quibus
430 1561 572 1634 Gallicae
587 1560 716 1619 ditionis
737 1561 912 1620 sacerdotes
930 1559 968 1618 ad
991 1561 1100 1636 depor-

133 1655 287 1714 tationem
301 1655 332 1712 in
345 1655 487 1731 regiones
502 1655 739 1724 transmarinas,
753 1652 825 1711 fidei
837 1671 929 1712 causa
943 1653 1096 1727 damnati,

134 1754 334 1824 premuntur,
358 1749 582 1820 necessitateS,
604 1749 638 1806 et
651 1763 741 1823 quam
758 1747 891 1806 multum
913 1747 1041 1806 intersit
1062 1736 1099 1806 ut

132 1841 317 1917 quantocius
338 1839 455 1898 eisdem
477 1839 509 1896 in
532 1838 708 1898 huiusmodi
729 1839 884 1915 angustiis
905 1838 1097 1898 auctoritate
1212 1869 1214 1874 .

133 1934 305 2012 apostolica
325 1936 541 2004 succurratur,
558 1931 750 1992 sanctissimo
764 1933 895 1992 Domino
916 1937 1024 1993 nostro
1040 1934 1096 1993 Pio

133 2031 238 2106 Papae
260 2030 304 2088 Vl
325 2026 501 2086 humillime
521 2027 755 2102 exposuissent3
777 2045 907 2102 cumque
928 2028 1096 2088 abeodem

133 2123 167 2182 S.
179 2123 209 2182 N
212 2165 234 2193 .‚
250 2121 304 2197 qui
318 2120 423 2178 ovium
439 2117 498 2177 sibi
512 2119 773 2190 concreditaru1u‚
789 2121 822 2178 et
843 2123 892 2178 tot
910 2121 1098 2195 praesertim

135 2213 364 2274 venerabilium
387 2211 459 2271 fidei
481 2211 690 2271 confessorum
706 2212 813 2285 saluti,
830 2215 962 2288 paterna
976 2231 1098 2290 semper

132 2327 202 2368 oum
224 2307 455 2378 benevolentia,
475 2306 633 2366 charitate
654 2309 687 2365 et
708 2306 921 2366 sollieitudine
935 2307 1097 2384 invigilat,

135 2401 341 2461 necessariam
356 2401 393 2458 ad
409 2399 623 2477 praefatorum
637 2399 707 2460 fidei
723 2401 931 2460 confessorum
951 2400 1099 2477 spiritua·

134 2494 217 2554 libus
238 2492 475 2552 necessitatibus
497 2491 751 2564 subveniendum,
765 2493 988 2554 auctoritatem
1003 2493 1099 2555 Nobis

135 2605 190 2665 per
211 2587 339 2646 litteras
354 2585 540 2662 apostolicas
555 2586 605 2645 die
622 2585 755 2646 101unii
770 2604 869 2662 nuper
884 2587 981 2662 elapsi
997 2588 1097 2660 datas,

132 2679 391 2740 communicatam
414 2695 479 2736 esse
498 2678 743 2750 intellexissent,
758 2678 921 2754 sequentia
935 2679 1032 2739 Nobis
1046 2697 1100 2740 ex·

134 2775 277 2850 ponenda
298 2775 466 2843 duxerunt,
491 2771 622 2831 scilicet:

197 2867 226 2925 l.
251 2865 350 2925 Valde
372 2863 546 2924 verisimile
567 2883 645 2936 esse,
665 2865 728 2923 fore
744 2868 779 2924 ut
793 2863 969 2924 sacerdotes
986 2865 1100 2940 depor-

135 2960 209 3032 tati,
222 2977 259 3019 ac
270 2958 485 3034 Rupifortium
502 2959 604 3035 primo
619 2959 756 3029 deducti,
771 2957 907 3018 subsidia
918 2957 1100 3034 spiritualia

134 3053 415 3134 (quantuscumque
432 3053 625 3112 vicariorum
641 3053 834 3129 generalium
848 3052 1101 3112 reverendissimi

133 3146 272 3224 episcopi
294 3147 493 3222 Rupellensis
515 3146 558 3205 sit
580 3145 676 3224 zelus)
699 3165 717 3206 a
737 3145 931 3223 presbyteris
961 3163 1017 3221 pro
1041 3146 1099 3206 hae

135 3241 271 3300 dioecesi
292 3239 473 3316 approbatis
493 3239 647 3312 obtinere,
663 3242 719 3298 aut
739 3242 778 3300 ad
799 3241 929 3298 eundem
951 3256 1099 3298 reveren·

135 3333 299 3392 dissimum
314 3332 514 3392 Ordinarium
530 3331 769 3408 approbationis.
779 3333 994 3409 impetrandae
1008 3349 1100 3392 causa

136 3412 302 3488 recurrere
323 3427 509 3487 difficillime
524 3426 656 3504 possint:
673 3427 821 3504 expedire
842 3425 944 3504 igitur
964 3427 1045 3503 ipsos
1066 3426 1099 3486 in
