2632 4262
705 273 742 286 -
766 239 885 300 300-

412 349 518 412 dcbitu
540 345 692 409 visitandi
707 347 763 407 SS.
779 344 1001 423 Apostolorum
1015 343 1151 419 Limina,
1165 347 1198 406 et

410 444 597 506 relationem
619 442 656 502 de
678 443 764 502 statu
786 440 937 500 dioecesis
964 441 1001 498 ad
1029 439 1197 518 Apostoli-

411 557 478 600 oam
499 539 611 598 Sodem
629 534 788 595 mittendi.
812 535 1048 594 Absolutionem
1068 537 1196 608 tamen,

411 649 503 709 quam
525 630 620 708 petit,
638 628 757 702 mittit,
780 646 815 689 ao
837 626 1008 689 triennium
1022 629 1060 688 ad
1075 632 1197 690 utrum-

286 805 288 808 ·
412 744 471 803 que
493 724 717 785 conficiendum
738 722 921 800 indulget.
968 767 975 782 .
1021 767 1028 781 .
1074 766 1081 781 .
1114 740 1194 800 pap.
1217 719 1264 781 172

313 819 391 882 1798
411 821 432 879 7
452 817 647 897 Septembris
667 851 685 894 .·
706 814 786 877 Cum
813 817 949 876 dilectus
976 815 1086 876 Filius
1116 815 1198 874 Tbe-

411 929 491 973 mcs.
514 915 603 972 ven.
625 912 683 970 Fr.
699 913 734 971 S.
747 915 789 969 R.
803 913 842 969 Ε.
860 911 1116 970 cardinalibus.
1130 909 1196 969 Ab·

410 1006 599 1067 dicationem
634 1006 771 1066 Thomae
801 1003 910 1064 Antioi
943 1021 959 1063 e
991 1001 1195 1065 cardinalatu

413 1100 557 1161 admittit
586 1140 1133 1160 ...........
1176 1095 1264 1155 »174

409 1197 430 1256 7
451 1195 648 1272 Septembris
662 1227 682 1241 -
698 1191 778 1254 Cum
790 1194 926 1254 dilectus
937 1192 1045 1252 Filius
1063 1191 1196 1252 Vincen-

410 1292 487 1349 tius.
510 1293 598 1349 Van.
620 1291 677 1347 Fr.
694 1290 727 1347 Β.
742 1292 784 1348 Β.
805 1290 844 1346 Ε.
862 1289 1117 1347 cardinalibus.
1131 1286 1193 1346 Ab·

412 1381 605 1443 dicationum
627 1379 787 1442 Vincentii
815 1379 934 1440 Mariae
962 1379 999 1438 de
1021 1378 1194 1439 ‘Alteriise

409 1475 612 1536 Cardinalatu
634 1473 778 1534 admittit
798 1515 1127 1532 .......
1171 1489 1189 1531 ›
1213 1471 1263 1530 176

409 1571 449 1630 24
470 1569 697 1646 Septembris·
710 1567 855 1646 Epistola
876 1568 915 1629 R.
939 1567 975 1626 P.
999 1569 1035 1628 D.
1059 1567 1196 1627 Michae-

409 1663 450 1722 lis
474 1663 512 1723 Di
541 1661 650 1722 Pietro
679 1660 823 1738 Episcopi
851 1659 1024 1720 Isaureusis
1048 1659 1195 1736 Delegati
1294 1677 1295 1680 ¹

408 1755 585 1832 Apostolici
606 1755 638 1814 in
661 1757 755 1817 Urbe.
774 1757 817 1815 De
830 1753 1007 1814 iuramento
1022 1752 1084 1811 odii
1100 1752 1132 1810 in
1147 1770 1197 1812 re-

408 1848 491 1924 giam
513 1849 710 1909 maiestatem
733 1852 766 1908 et
787 1847 979 1921 anarohiam;
1001 1845 1140 1923 obsequii
1162 1849 1197 1906 et

408 1941 481 2000 fidei
494 1941 526 2000 in
538 1941 786 2019 Rempublioam,
802 1943 836 2000 et
846 1939 1107 2001 constitutionem
1121 1939 1196 2000 anni

410 2033 502 2094 tertii
537 2076 1134 2094 ............
1178 2030 1269 2091 »178

413 2129 428 2186 1
451 2127 597 2188 Octobris
610 2159 631 2173 -
646 2127 749 2193 Quam
770 2129 972 2188 calamitosa.
994 2127 1134 2186 Nuntiis
1161 2131 1196 2185 et
1294 2191 1295 2200 .

407 2223 583 2292 Delegatia
610 2223 838 2292 apostolicis.
861 2223 1054 2282 Luctuosum
1083 2218 1195 2280 Eccle-

408 2311 474 2370 siae
495 2315 613 2372 statum
635 2317 870 2374 commemorat.
895 2313 989 2374 Dolet
1016 2313 1095 2389 quod
1123 2311 1197 2388 Epi·
1294 2315 1295 2360 i

407 2403 507 2480 scopis
528 2405 566 2462 ad
582 2405 616 2463 S.
633 2405 745 2464 Sedem
761 2407 866 2467 aditus
878 2406 1122 2466 intercludatur.
1135 2405 1197 2464 Fa-

406 2495 543 2558 oultates
555 2497 676 2574 aliquas
688 2498 729 2558 iis
740 2498 897 2578 impertit,
907 2517 982 2576 quas
994 2498 1061 2558 sive
1074 2515 1194 2572 omaso,

407 2588 474 2648 sive
496 2589 633 2666 aliquam
656 2589 795 2667 ipsarum
817 2596 940 2670 partem
961 2591 1122 2668 Episcopis
1144 2607 1197 2668 pe-

408 2682 561 2756 tentibus,
588 2681 685 2744 iidem
700 2684 827 2757 Nuntii,
842 2703 916 2762 quos
930 2684 1127 2761 Apostolicos
1137 2685 1197 2744 De-

406 2776 528 2853 legatos
540 2778 638 2850 creat,
656 2775 818 2853 pontificio
829 2779 952 2838 nomine
964 2779 1113 2854 poterunt
1123 2793 1196 2836 con·

406 2872 525 2930 cedere.
550 2871 659 2930 Monet
680 2870 806 2930 demum
827 2889 918 2948 quam
940 2876 1031 2931 caute
1061 2873 1094 2930 et
1114 2887 1195 2947 pru-

405 2964 516 3023 denter
537 2982 588 3024 eas
610 2963 771 3040 impertiri
793 2964 927 3025 debeant
961 3009 969 3024 .
1017 3009 1024 3024 .
1070 3007 1077 3022 .
1123 3007 1131 3022 .
1176 2962 1295 3022 »179‘

409 3057 447 3118 10
466 3058 657 3120 Novembris
671 3090 688 3104 -
703 3056 930 3119 Constantiam
954 3067 1106 3119 cedrum.
1134 3059 1195 3116 Ar-

405 3152 642 3222 chiepiscopis
658 3157 692 3210 et
707 3154 894 3223 Episcopis
909 3153 1021 3212 Gallia
1043 3151 1194 3211 Londini

406 3246 712 3317 commorantibus,
731 3245 874 3306 Arthuro
889 3245 1048 3306 Richardo
1063 3244 1195 3306 Aratrio-

405 3331 527 3409 pisoopo
548 3337 782 3408 Narbonensi,
803 3367 817 3384 ·
841 3339 989 3398 Ioannia
1015 3340 1078 3398 Deo
1105 3339 1195 3415 Ray-

353 3425 355 3431 ‘
404 3429 518 3487 mundo
546 3427 790 3507 Archiepiscopo
818 3428 1194 3504 Aquensi‚-Ludovioo

400 3519 569 3582 Francisoo
589 3519 740 3599 Episcopo
766 3526 1015 3597 Attrebatcnsi,
1030 3557 1044 3572 -
1058 3524 1189 3602 losupbo
