2624 4260
267 371 413 447 possunt,
436 371 545 430 statim
573 371 610 429 ad
640 370 885 429 conveniendum
915 387 946 428 se
967 371 1160 444 comparent.
1188 370 1234 428 Et

267 463 412 540 quoniam
428 465 459 523 vi
476 464 620 524 distracti
635 483 670 523 ac
685 464 827 541 dissipati
848 481 903 540 per
928 463 1068 522 diversas
1082 463 1236 538 regiones
1299 493 1300 498 κ

266 559 449 618 cardinales
464 559 598 618 maxime
619 559 791 618 timendum
806 564 854 619 est
869 579 906 618 ne
927 561 963 619 ad
986 559 1111 617 libitum
1126 557 1236 616 disce-

267 637 351 722 dere,
368 655 461 727 atque
475 653 506 710 in
529 671 624 712 unum
642 654 743 712 locum
766 671 797 712 se
820 653 961 711 conferre
983 651 1232 728 prohibeantur,

268 748 305 803 ut
318 744 369 802 vel
391 745 444 802 diu
459 745 548 804 Petri
570 747 660 806 navis
676 745 892 822 praesentibus
907 744 1026 804 iactata
1046 743 1234 820 permagnis

266 836 414 896 fluctibus
436 838 645 914 gubernatore
667 858 722 898 suo
745 842 864 911 careat,
883 838 932 896 vel
954 837 1154 913 congregatis
1171 837 1233 895 hae

267 932 342 991 illac
364 932 523 991 nonnullis
545 933 780 1006 cardinalibus,
803 933 909 1008 plures
931 932 1090 1008 eligantur
1111 931 1233 989 Ponti-

267 1025 352 1098 fices,
368 1028 401 1084 et
423 1026 602 1098 schismate,
618 1028 696 1102 quod
719 1030 799 1087 Deus
814 1030 952 1099 avertat,
969 1027 1103 1084 vexetur
1118 1029 1231 1084 sancta

267 1119 323 1180 Dei
344 1121 501 1190 Ecclesia3
525 1120 652 1192 idcirco,
666 1125 702 1180 ut
723 1120 821 1180 tantis
842 1123 904 1180 Deo
926 1119 1095 1178 adiuvante
1117 1137 1232 1177 occur·

268 1228 374 1272 ramus
402 1214 658 1286 calamitatibus,
688 1214 784 1273 simili
813 1215 899 1271 motu
928 1211 1056 1287 proprio
1081 1229 1117 1269 ac
1137 1213 1231 1269 certa

268 1303 418 1378 scientia,
441 1309 474 1362 et
495 1307 532 1363 de
554 1303 741 1380 apostolicae
769 1304 937 1380 potestatis
959 1303 1155 1379 plenitudine
1178 1302 1232 1360 de-

268 1398 436 1470 cernimus,
459 1397 628 1458 statuimus
649 1401 682 1455 et
697 1399 878 1457 mandamus
891 1401 938 1468 ut,
954 1397 1121 1455 eveniente
1135 1399 1233 1454 extra

267 1491 438 1549 Romanam
454 1489 580 1550 curiam
596 1489 682 1548 obitu
697 1491 826 1561 Nostro,
846 1489 895 1548 ius
916 1489 1051 1566 eligendi
1066 1489 1230 1548 Summum

267 1581 451 1640 Pontificem
473 1598 529 1656 per
550 1599 601 1640 eos
615 1581 796 1641 cardinales
816 1582 906 1640 unice
928 1584 1114 1640 exerceatur
1127 1580 1182 1656 qui
1196 1580 1230 1638 in

268 1673 387 1732 ditione
415 1673 547 1732 alicuius
578 1674 727 1732 catholici
759 1675 909 1750 principis
942 1674 1048 1750 plures
1076 1691 1230 1744 numero,

268 1784 359 1840 quam
375 1765 430 1826 alii
446 1767 512 1825 ulla
533 1767 596 1826 alia
618 1767 649 1824 in
672 1767 799 1843 regione
821 1771 1045 1826 commorantes
1065 1765 1233 1824 invenian-
1303 1811 1304 1814 ,

268 1864 339 1932 tur,
362 1859 517 1935 simulque
539 1877 594 1935 per
615 1878 669 1918 ecs
690 1859 744 1936 qui
766 1879 805 1918 ex
826 1859 899 1919 aliis
921 1859 1101 1936 regionibus
1123 1861 1160 1919 ad
1177 1877 1233 1918 co-

267 1949 359 2010 mitia
387 1951 417 2008 in
448 1953 609 2028 praedicta
637 1952 756 2011 ditione
778 1953 932 2025 explenda
958 1949 1159 2012 accesserint.
1184 1951 1232 2009 Ob

267 2043 395 2101 eandem
415 2061 538 2102 causam
560 2043 705 2102 volumus
729 2048 764 2103 ut
785 2045 821 2102 de
843 2061 927 2103 more
949 2043 1125 2103 Cardinalis
1146 2045 1232 2102 sacri
1304 2120 1305 2124 Ἰ

268 2135 394 2212 collegii
409 2139 561 2209 Decanus‚
572 2137 598 2195 si
615 2139 719 2196 tamen
734 2135 807 2195 isin
822 2137 1035 2196 dominatione
1051 2136 1109 2194 illa
1124 2135 1233 2194 aderit
1304 2125 1305 2142 ,

267 2229 299 2286 in
321 2249 382 2304 qua
403 2230 510 2305 plures
532 2247 660 2288 numero
683 2234 851 2290 versantur
872 2231 1066 2302 cardinales,
1089 2231 1173 2300 sive,
1194 2247 1231 2287 eo

268 2321 407 2393 absente,
430 2323 482 2398 qui
504 2322 609 2397 potior
630 2322 786 2398 dignitate
808 2323 894 2382 inter
914 2323 987 2382 illos
1007 2322 1087 2394 erit,
1109 2321 1231 2380 certior

267 2410 368 2472 factus
389 2415 426 2470 de
453 2413 539 2473 obitu
567 2415 706 2486 Nostro,
735 2416 842 2476 statim
869 2417 906 2475 de
936 2415 1155 2475 nonnullorum
1190 2432 1231 2472 ex

266 2502 377 2562 iisdem
402 2506 620 2566 cardinalibus
645 2507 796 2581 consilio,
821 2509 881 2568 nisi
902 2508 986 2568 forte
1015 2509 1136 2585 pridem
1157 2525 1230 2566 cum

267 2596 342 2673 ipsis
360 2602 515 2658 statutum
537 2599 647 2672 fuerit,
663 2602 919 2677 opportuniorem
933 2604 1034 2662 locum
1048 2603 1088 2660 ad
1110 2603 1232 2660 haben-

268 2693 307 2751 da
320 2692 448 2752 comitia
469 2694 654 2767 constituat,
670 2693 701 2753 in
718 2712 848 2772 eumque
870 2697 992 2756 cunctis
1006 2714 1046 2754 ex
1061 2695 1139 2755 locis
1153 2696 1232 2754 Gar-

268 2785 387 2845 dinales
401 2805 515 2860 omneS,
533 2789 716 2864 ubicumque
731 2790 890 2865 degentes,
907 2807 962 2866 per
977 2788 1159 2848 indictionis
1176 2788 1232 2847 lit-

267 2881 353 2938 teras
380 2885 508 2954 evocet,
531 2885 563 2940 ct
584 2883 622 2941 ad
644 2881 716 2940 illos
738 2882 790 2958 qui
820 2881 897 2941 alibi
926 2884 1162 2941 commorantur
1190 2882 1230 2938 de

266 2968 403 3046 ipsorum
419 2974 605 3048 pluralitate
618 2973 838 3046 informandos,
857 2975 982 3034 nomina
996 2974 1107 3034 mittat
1120 2991 1230 3032 eorum

265 3064 479 3142 cardinalium
493 3067 546 3142 qui
567 3068 599 3124 in
620 3067 737 3126 ditione
754 3069 890 3126 eiusdem
905 3067 1055 3144 principis
1070 3066 1227 3126 existunt.

266 3147 368 3223 Quare
389 3158 420 3216 in
443 3159 565 3218 virtute
586 3165 711 3220 sanctae
734 3160 927 3220 obedientiae
949 3159 1159 3237 praecipimus
1181 3165 1228 3231 ut,

267 3250 327 3308 nisi
342 3251 529 3327 gravissima
543 3253 781 3312 intercesserint
795 3253 1028 3329 impedimenta,
1045 3253 1231 3314 Cardinalea

266 3364 372 3405 omnes
398 3348 647 3408 denuntiationis
675 3349 795 3408 litteris
817 3351 855 3410 ad
878 3349 1004 3408 comitia
1025 3350 1231 3409 evocantibus

265 3439 374 3500 statim
394 3459 504 3516 parere
519 3444 700 3516 teneantur,
716 3441 815 3518 iisque
831 3443 996 3501 dumtaxat
1009 3441 1231 3502 cardinalibus

264 3533 318 3609 qui
333 3533 438 3610 plures
454 3535 485 3592 in
501 3536 607 3595 eodem
629 3536 699 3594 loco
719 3535 901 3620 congregati
923 3540 1028 3608 erunt,
1051 3535 1233 3612 ceterisque
