2606 4268
464 291 642 352 -121-

70 404 205 469 nentur,
228 405 260 458 et
278 398 351 456 nisi
362 398 583 458 declaraverit·
594 393 959 474 speciatim'sitcrileyas
970 407 1035 458 esse

70 491 297 552 ordinationes
317 493 356 551 ab
377 493 516 550 intrusis
536 492 603 551 sioe
617 499 764 566 acceptas
785 493 852 551 sice
870 500 1035 567 peractas:

71 587 206 644 irritam
226 603 290 646 csse
310 589 463 646 collatam
483 588 522 645 ab
546 587 587 644 iis
600 587 841 656 auctoritatem,
859 587 1033 646 iniustam·

69 695 131 754 que
146 688 178 739 et
187 682 315 740 nnllam
329 696 392 739 esse
407 680 624 738 intrusionem
639 696 709 738 ana
723 695 796 738 cnm
810 679 935 738 actibus
957 679 1035 740 inde

69 775 215 848 sequentis
222 794 236 845 ,·
256 781 287 833 et
307 773 376 830 nisi
398 772 614 831 iureiurando
632 773 830 848 promiserit,
847 788 879 831 se
894 770 1035 846 Aposto-

69 864 153 925 licae
174 866 250 926 bnic
271 864 348 926 Sodi
369 866 586 941 beqitimisqne
607 864 777 940 Episcopis
798 866 1036 939 obtemperatu-

67 974 156 1028 rum;
169 967 201 1018 et
220 961 290 1018 nisi
302 959 443 1035 denique
454 959 648 1033 parochiam
662 959 770 1018 eiusce
778 964 908 1032 partem
920 973 1034 1033 reapse

68 1051 283 1124 abdicaverit,
307 1067 479 1127 curiamque
499 1054 642 1112 eiuratio
663 1059 695 1111 ct
716 1051 879 1112 abdicatio
903 1052 1036 1127 publica

66 1146 184 1220 suerit,
196 1145 333 1221 perinde
345 1163 383 1204 ac
394 1147 519 1204 crimen
530 1161 657 1222 qnoque
671 1146 838 1221 publicum
851 1147 931 1222 fnit.
949 1145 1035 1210 Qua-

67 1247 199 1316 propter
220 1240 248 1298 si
268 1239 452 1300 Panissetus
466 1238 674 1298 absolutionis
691 1237 872 1298 beneficium
888 1236 1035 1314 consequi

67 1332 162 1404 velit,
187 1351 308 1392 necesse
329 1331 455 1392 omnino
470 1335 520 1391 est
533 1333 625 1392 hasce
639 1331 833 1404 conditiones
847 1336 1034 1408 exequatur,

68 1425 94 1484 si
107 1429 215 1487 tamen
234 1427 336 1504 prima
350 1426 529 1502 excipiatur
541 1425 736 1502 praescripta
750 1444 768 1485 a
782 1425 960 1486 Sanctitate
972 1425 1036 1484 Sua
1052 1453 1053 1461 κ

66 1536 123 1594 pro
155 1519 351 1580 absolutione
379 1518 593 1590 intrusorem,
618 1522 654 1578 ut
679 1518 801 1578 scilicet
825 1520 943 1594 scripto
968 1518 1036 1576 ein·

66 1621 142 1672 rent
162 1615 301 1674 civicum
324 1616 557 1685 iuramentum,
581 1614 716 1689 illosque
730 1629 853 1672 errores
867 1613 927 1688 qni
942 1609 1037 1670 cicili

65 1708 301 1766 constitutione
327 1708 407 1767 cieri
438 1703 609 1767 Gallicani
633 1708 865 1766 continentur.-
892 1703 1036 1782 quando-
1113 1767 1117 1771 ,

66 1798 192 1874 quidem
204 1799 388 1858 Panissetus
402 1817 460 1857 non
476 1798 612 1858 civicum
627 1797 839 1857 iuramentum
854 1794 1035 1874 praestitit,

67 1892 117 1950 aed
140 1891 305 1952 libertatis
327 1893 360 1950 et
381 1889 585 1968 aequalitatis
606 1891 843 1962 iusiurandum
859 1891 970 1966 dequo
986 1893 1036 1950 ta·

66 2001 135 2044 men
157 1985 327 2060 ignoratur
348 1989 382 2044 et
403 1983 515 2061 quibus
536 1985 644 2044 verbis
665 1986 847 2060 conceptum
869 1980 987 2056 fuerit,
1002 1985 1036 2041 et

64 2095 141 2154 quas
164 2077 384 2137 restrictiones
398 2081 454 2138 aut
468 2078 675 2139 limitationes
697 2077 764 2155 ipse
785 2076 969 2137 Panissetus
991 2073 1036 2134 ei·

66 2173 135 2231 dom
157 2171 321 2234 adiecerit.

125 2267 185 2326 Ill.
207 2265 343 2328 Noverit
363 2268 470 2324 autem
490 2263 669 2326 Dominatio
691 2267 771 2338 Tua,
793 2263 880 2324 hisce
894 2262 1035 2339 impletis

66 2357 301 2418 conditionibus
329 2357 510 2417 beneficium
540 2357 747 2418 absolutionis
772 2359 1036 2434 consequuturum

66 2453 133 2512 fore
164 2453 384 2512 Panissctum:
414 2452 464 2529 qui
498 2455 601 2512 tamen
623 2452 752 2512 minime
773 2451 833 2512 sibi
854 2451 1036 2512 blandiatur

66 2545 185 2606 idcirco
200 2546 297 2606 licere
311 2546 369 2605 sibi
384 2546 576 2622 episcopales
591 2551 680 2606 actus
696 2547 747 2606 vel
763 2545 862 2606 officia
873 2563 1033 2605 exercere.

68 2641 206 2699 Necesse
234 2637 316 2697 enim
345 2642 394 2698 cst
415 2643 452 2698 ut
472 2643 641 2716 autequam
663 2640 866 2712 absolvatur,
893 2638 1037 2698 dimittat

68 2732 280 2809 episcopalem
307 2733 478 2792 Ecclesiam
508 2733 540 2792 in
569 2751 661 2811 quam
691 2734 832 2794 intrusus
855 2732 935 2805 iuit3
958 2749 1036 2808 quae

66 2825 211 2886 dimissio
234 2831 299 2886 tam
321 2826 446 2902 publica
466 2827 559 2886 debet
579 2846 644 2887 esse
658 2845 695 2886 ao
710 2827 852 2898 notoria,
866 2842 958 2901 quam
973 2821 1037 2883 fuit

66 2921 285 2996 perpetratum
310 2919 428 2978 crimen
451 2919 649 2980 intrusionis.
669 2919 804 2981 Noverit
823 2919 950 2995 insuper
975 2934 1036 2977 non

67 3014 158 3072 modo
178 3010 381 3072 interdictum
401 3013 468 3072 iore
490 3013 590 3074 eidem
601 3014 763 3074 Pauisseto
783 3012 970 3073 exercitium
984 3029 1037 3072 ou-

68 3103 180 3182 iusque
198 3107 287 3163 actus
308 3105 494 3183 episcopalis
515 3108 633 3168 ordinis
654 3106 706 3166 vel
727 3105 965 3177 iurisdictionis,
984 3104 1037 3164 aed

70 3198 168 3257 etiam
189 3197 338 3275 cuiusque
352 3198 482 3259 Ordinis
496 3203 612 3273 actum3
628 3201 787 3260 habendus
813 3199 896 3259 enim
917 3203 968 3258 est
988 3195 1037 3256 uti

68 3293 215 3352 redactus
235 3293 272 3350 ad
294 3291 408 3352 laicam
423 3293 688 3367 communionem,
705 3293 800 3352 donec
814 3296 887 3369 post
902 3290 1036 3350 maxime

68 3381 260 3443 laudabilem
272 3385 359 3444 vitae
375 3385 530 3448 rationem
546 3385 585 3444 ab
599 3385 666 3462 ipso
680 3385 860 3458 ineundam,
875 3403 954 3462 quae
967 3401 1038 3461 gra-

70 3476 234 3536 vissimum
256 3479 436 3539 scandalum
458 3480 497 3540 ab
519 3497 554 3539 eo
576 3479 701 3540 illatum
723 3478 881 3538 resarcire
907 3477 1035 3549 valcat,

69 3570 184 3629 mereri
207 3571 306 3647 possit
328 3576 364 3631 ut
379 3590 397 3632 a
411 3589 556 3649 supremo
570 3571 726 3632 Ecclesiae
741 3572 873 3631 Pastore
889 3571 927 3631 ad
943 3585 1037 3628 exer-
1068 3563 1073 3570 ’
