2632 4262
274 404 353 466 1796
373 405 412 465 13
433 403 556 482 Aprilis
568 435 583 454 ·
595 403 739 484 Mirifice
753 407 966 484 confirmasti.
981 407 1158 467 liudovico

372 502 549 560 dardinali
563 504 608 560 de
629 505 751 562 nohan
769 503 943 572 Episcopo
954 504 1157 573 Arsamosa-

369 596 474 654 tensi.
488 595 566 653 Eum
578 597 788 669 commendat,
803 596 886 672 quod
902 594 1079 672 exemplum
1092 595 1159 672 epi·

371 687 472 749 stolae
494 686 531 747 ad
554 687 674 748 clerum
696 691 786 749 trans
810 688 957 750 Rhenum
985 687 1159 748 mittendae

371 782 409 840 ad
431 781 580 842 Sanctam
601 784 714 843 Sedem
734 782 962 856 transmiserit,
977 785 1014 843 ut
1026 785 1159 859 Aposto-

370 873 450 933 licae
471 874 647 936 cathedrae
669 875 946 937 iudicio·snbiecta
966 877 1005 936 ad
1020 877 1158 954 eiusdem

372 985 495 1028 sensnm
517 969 706 1029 conformari
727 971 819 1046 plane
840 973 956 1047 posset.
972 969 1071 1030 Addit
1085 953 1158 1029 hon·

371 1062 460 1122 nulla
481 1062 513 1120 in
532 1064 641 1122 eadem
663 1062 796 1140 reperiri
819 1061 999 1124 distinctius
1014 1065 1049 1123 et
1066 1080 1158 1122 accu-

372 1157 475 1218 ratius
495 1157 691 1234 explicanda,
713 1157 865 1218 videlicet
885 1159 922 1218 de
943 1157 1062 1218 Hostiis
1086 1174 1158 1216 con-

371 1251 502 1314 secratis
523 1268 542 1310 a
556 1250 762 1311 schismaticis
775 1281 789 1296 ·
802 1253 839 1310 de
855 1250 1065 1313 matrimoniis
1076 1249 1158 1312 cele·

370 1346 471 1407 hratis
492 1361 597 1405 coram
617 1344 778 1405 Intrusis-
791 1345 828 1404 de
849 1344 952 1404 civico
977 1344 1156 1404 iuramento

369 1440 402 1498 in
423 1438 585 1501 bonafide
606 1437 790 1514 praestito·
803 1438 840 1497 de
862 1438 1041 1498 iuramento
1064 1437 1159 1498 liber-

371 1532 450 1593 tatis
471 1535 503 1592 et
524 1531 729 1609 aequalitatis
742 1564 758 1578 ·
771 1533 810 1591 de
838 1533 997 1609 emptione
1024 1535 1059 1591 et
1085 1549 1159 1590 van·

372 1625 490 1686 ditione
503 1626 657 1685 bonorum
676 1625 987 1686 ecclesiasticorum.
1032 1669 1040 1685 .
1074 1641 1154 1701 pap.
1179 1623 1235 1683 127
1297 1597 1298 1676 l

371 1720 388 1778 l
409 1718 491 1780 Iunii
506 1749 516 1763 -
531 1718 718 1778 Plurimum
739 1737 829 1779 sane.
857 1721 1046 1780 maciaco
1074 1721 1159 1778 'lhe-

369 1831 446 1876 rese
473 1818 645 1876 Panisset.
669 1816 744 1877 llius
765 1815 1025 1878 retractationem
1052 1813 1159 1891 pluri-

369 1926 454 1968 mum
466 1909 673 1970 commendat.
687 1911 870 1971 Facultates
882 1907 1074 1970 necessarias
1087 1925 1159 1967 con·

370 2003 455 2062 cedit
476 2019 533 2078 pro
554 2002 643 2062 illius
663 2003 873 2077 absolutione,
893 2022 957 2081 qua
977 2007 1083 2062 tamen
1104 2002 1159 2060 ob-

368 2099 470 2170 tenta,
489 2114 559 2156 eum
574 2097 675 2156 adhuc
695 2115 878 2174 suspensum
899 2097 1042 2157 declarat
1065 2115 1084 2156 e
1105 2115 1157 2156 au·

368 2189 550 2266 iussumque
571 2189 699 2250 Ordinis
712 2189 876 2250 exercitio.
890 2190 937 2250 Ad
952 2206 1158 2266 perseveran-

369 2284 447 2344 tiam
469 2286 629 2358 hortatur3
652 2275 841 2345 dehortatur
862 2301 938 2344 vero
959 2300 978 2342 a
999 2283 1156 2360 proposito

369 2379 500 2436 Romam
519 2377 666 2438 veniendi
709 2420 1093 2439 ,,,,,,,,
1136 2393 1156 2434 »
1179 2374 1235 2434 133

368 2469 613 2533 diarii-Orcbro
627 2481 797 2532 renovata.
810 2475 966 2543 Augusto
980 2473 1156 2542 Episcopo

370 2565 538 2636 spirensi.
571 2565 773 2626 Facultatern
800 2565 944 2626 concedit
969 2560 1154 2624 absolvahdi

368 2657 525 2720 hloisium
545 2659 717 2720 Linderum
738 2662 777 2720 ad
792 2677 898 2720 sacros
913 2658 1039 2718 ordines
1053 2657 1092 2717 ab
1107 2659 1157 2718 ln·

342 2785 344 2790 ·
369 2757 459 2814 truso
467 2752 619 2830 Episcopo
631 2757 821 2830 promotum.
830 2756 873 2814 De
886 2751 1054 2813 validitate
1066 2768 1158 2828 prae-

368 2846 525 2907 dictarum
546 2845 779 2906 ordinationum
793 2863 855 2904 non
868 2862 957 2922 posse
973 2842 1159 2921 pronuncia-

369 2939 419 3013 ri,
450 2940 511 2999 nisi
539 2938 623 3000 iacta
643 2938 755 2999 melius
776 2937 987 3000 innotescant.
1011 2938 1044 2998 Id
1066 2940 1158 2998 curet

371 3032 552 3109 Episcopus,
574 3031 711 3092 Lindero
732 3030 862 3091 interim
884 3048 1031 3108 suspenso
1045 3031 1084 3091 ab
1098 3031 1158 3090 Or·

369 3124 477 3183 diuum
498 3125 653 3186 exercitio
655 3166 1092 3186 .........
1135 3139 1154 3182 r
1177 3125 1237 3185 135

368 3215 388 3276 5
400 3217 686 3280 Iulii-Pastoralia
698 3221 894 3295 sollicitudo.
904 3219 1055 3280 Omnibus
1065 3217 1157 3279 (thri-

368 3308 558 3370 stifidelibus
583 3313 755 3373 Catholicis
793 3312 1043 3382 communionem
1084 3327 1155 3370 cum
1194 3342 1199 3360 ι

368 3403 447 3462 Sede
468 3404 652 3480 Apostolica
673 3407 861 3467 habentibus
882 3405 913 3464 in
935 3405 1050 3467 Galliis
1070 3421 1157 3464 ccm-

316 3487 318 3490 ’
367 3496 574 3558 morantibus.
586 3501 630 3558 De
642 3517 716 3576 pace
731 3488 899 3573 servanda,
914 3517 950 3561 ac
965 3499 1072 3560 debita
1082 3516 1156 3558 con·

370 3594 494 3655 stitutis
516 3595 726 3672 potestatibus
747 3597 940 3658 subiectione
978 3641 985 3656 .
1027 3638 1037 3654 .
1083 3639 1090 3654 .
1135 3594 1236 3654 »138
