2582 4270
288 356 357 417 simi
377 356 501 418 Domini
520 357 633 420 Nostri
655 376 711 435 per
731 359 811 418 hano
832 358 1043 419 secretariam
1058 361 1168 420 Status
1191 359 1257 418 im·

288 452 451 528 patranda.
474 453 540 519 Qua
561 453 629 529 ipsa
649 453 703 514 via
724 453 859 513 obtineri
882 453 1012 530 poterit,
1036 457 1071 512 ut
1092 454 1119 512 si
1141 454 1253 513 nullae

290 545 413 621 penitus
434 545 578 606 exhiberi
599 550 715 623 queant
741 546 871 606 litterae
893 547 1143 620 testimoniales,
1166 550 1252 624 quod

289 638 472 716 contingere
486 639 652 716 aliquando
673 642 787 717 potest,
811 639 969 700 Sanctitas
991 641 1054 700 Sua
1075 657 1144 699 eum
1168 641 1257 699 dese*

290 737 375 792 ctum
386 733 609 794 convenienter
620 735 774 810 suppleat.
788 735 891 810 Atque
907 735 983 793 haec
995 733 1090 794 etiam
1104 735 1141 792 de
1156 735 1253 793 cleri-

290 825 335 886 cis
357 826 564 902 intelligenda
578 831 667 898 sunt,
679 827 732 902 qui
747 827 844 886 sacris
858 827 979 886 initiari
992 827 1126 904 primum
1138 829 1249 886 avent.

355 920 401 978 13.
426 923 469 980 Ut
490 919 516 978 si
538 919 717 979 confessarii
739 920 841 980 desint
861 920 986 996 linguae
1008 921 1115 996 periti,
1131 921 1254 997 episco-

292 1029 348 1087 pus
370 1015 536 1071 oonoedere
559 1013 677 1084 valeat,
702 1017 736 1072 ut
758 1014 840 1073 alter
862 1015 957 1074 alteri
980 1014 1179 1086 confiteatur,
1197 1015 1254 1071 de-

292 1107 383 1164 lectis
411 1107 470 1178 iis,
497 1107 606 1182 quibus
635 1108 769 1168 maxime
804 1109 918 1166 confidi
952 1127 1038 1184 posse
1070 1109 1253 1176 videbitur;

292 1199 344 1275 qui
367 1203 471 1258 tamen
493 1199 616 1258 idoneos
637 1218 703 1258 esse
726 1218 780 1274 se,
803 1200 945 1260 examine
974 1203 1173 1278 comprobare
1205 1205 1256 1259 te-

293 1292 461 1352 nebuntur.

354 1386 403 1446 14.
425 1386 458 1445 Si
479 1386 510 1445 in
533 1405 660 1446 numero
676 1387 954 1447 ecclesiasticorum
971 1387 1092 1449 Galliae
1107 1389 1252 1448 exsulum

292 1479 498 1540 saecularium
520 1479 572 1538 vel
595 1481 801 1556 regularium,
818 1482 869 1556 qui
886 1482 1063 1558 perfugium
1078 1482 1164 1541 nacti
1179 1486 1256 1540 sunt

293 1573 325 1632 iu
346 1572 511 1632 Pontificio
532 1575 644 1644 Statu,
667 1574 747 1633 tales
769 1575 1011 1644 invenirentur,
1033 1575 1085 1652 qui
1108 1581 1256 1634 extremo

293 1665 464 1748 infortunio
486 1683 540 1722 suo
556 1665 765 1726 iuramentum
787 1667 919 1728 civicum
942 1669 1194 1746 praestitissent,
1220 1671 1253 1728 hi

294 1777 351 1835 pro
374 1758 567 1818 absolutione
590 1777 608 1817 a
629 1760 767 1819 censuris
792 1779 828 1819 ac
850 1762 1077 1838 dispensatione
1107 1765 1138 1823 in
1166 1764 1253 1822 irre-

295 1853 467 1929 gularitate
489 1853 697 1929 impetranda,
719 1855 887 1930 episcopis,
910 1844 965 1915 aut
987 1859 1183 1934 generalibus
1207 1858 1258 1914 vi-

297 1945 390 2004 cariis
412 1946 608 2016 dioecesium,
625 1947 656 2005 in
679 1947 789 2022 quibus
812 1951 942 2024 degunt,
963 1967 994 2008 se
1016 1951 1142 2022 sistant,
1158 1958 1255 2027 expo·

296 2043 444 2115 nantque,
461 2045 652 2116 quantopere
673 2040 754 2116 ipsos
776 2041 931 2100 commissi
953 2043 1132 2117 poeniteat,
1157 2047 1253 2118 utque

295 2133 327 2193 id
349 2151 382 2192 re
405 2135 627 2210 comprobent,
655 2135 720 2192 tria
740 2134 904 2194 conficiant
931 2134 1072 2194 formalis
1101 2141 1257 2196 retracta-

296 2213 392 2286 tionis
414 2226 628 2302 exemplaria,
650 2244 781 2302 quorum
805 2245 900 2284 unum
922 2246 1014 2302 penes
1035 2229 1253 2288 cancellariam

296 2319 538 2378 ecclesiasticam
561 2323 707 2387 maneat,
730 2319 867 2378 alterum
894 2320 1043 2380 mittatur
1064 2325 1102 2381 ad
1123 2322 1258 2380 munici-

296 2412 461 2488 palitatem
482 2412 562 2483 loci,
585 2412 635 2473 cui
652 2413 853 2474 iureiurando
867 2431 922 2472 suo
937 2415 1097 2488 offensioni
1111 2415 1254 2486 fuerunt,

296 2506 427 2565 tertium
450 2524 525 2563 vero
546 2508 584 2564 ad
599 2505 803 2578 partitionem
819 2492 1067 2586 (department)
1083 2509 1253 2586 respectivi

296 2599 472 2667 districtus
489 2599 672 2657 obtestando
693 2603 725 2656 et
751 2601 829 2660 hanc
850 2603 883 2658 et
904 2600 1001 2672 illam,
1019 2607 1055 2662 ut
1069 2600 1258 2662 retractatio

298 2692 456 2752 inseratur
471 2691 560 2760 actis,
577 2696 610 2749 et
631 2691 661 2750 in
685 2693 807 2768 publico
829 2699 1032 2769 proponatur.
1049 2697 1104 2754 His
1118 2695 1253 2772 primum

298 2787 400 2858 actis,
422 2785 573 2861 pleneque
601 2785 767 2844 observata
796 2788 852 2846 hae
879 2788 999 2860 forma,
1025 2809 1103 2865 quae
1131 2790 1256 2848 remitti

298 2881 384 2939 nullo
406 2882 493 2938 modo
515 2879 631 2954 possit,
655 2880 800 2956 episcopi,
823 2886 879 2940 aut
900 2899 1006 2940 eorum
1028 2882 1141 2942 vicarii
1164 2901 1256 2959 gene—

298 2973 380 3032 rales
401 2973 438 3032 ad
461 2973 684 3032 absolutionem
714 2991 733 3032 a
754 2968 894 3033 censuris
916 2976 1081 3050 procedere
1104 2976 1255 3048 valeant;

298 3083 406 3142 nempe
432 3064 533 3125 relate
561 3067 597 3124 ad
619 3065 691 3124 illos
719 3066 946 3126 ecclesiasticos
976 3069 1120 3139 Galliae,
1143 3069 1194 3144 qui
1223 3072 1253 3128 id

298 3162 506 3238 iuramentum
527 3179 565 3220 ex
587 3162 721 3221 humana
742 3161 961 3220 imbecillitate
989 3163 1189 3238 praestitisse·
1209 3165 1257 3222 'vi-
1279 3189 1280 3242 q

298 3254 465 3324 debentur,
482 3271 577 3329 eoque
600 3255 753 3330 praestito
775 3255 998 3314 abstinuerunt
1019 3256 1056 3313 ab
1080 3255 1162 3314 omni
1183 3263 1255 3316 actu
1279 3243 1280 3328 i

300 3347 421 3423 publico
442 3347 629 3419 schismatis,
647 3367 682 3407 ac
704 3347 838 3408 reveriti
861 3352 933 3408 sunt
955 3350 1019 3407 vim
1041 3367 1255 3424 censurarum,
1279 3329 1280 3404 i

300 3457 375 3515 quas
396 3440 614 3511 incurrerunt,
632 3441 761 3517 verique
778 3460 814 3500 ac
834 3443 1008 3501 constantis
1030 3443 1148 3502 doloris
1169 3461 1256 3520 prae-
1279 3455 1280 3458 ’

299 3533 436 3592 buerunt
457 3532 581 3593 indicia.
605 3535 647 3594 De
668 3533 707 3594 iis
730 3552 806 3594 vero
828 3535 1061 3610 ecclesiasticis,
1077 3535 1128 3613 qui
1151 3539 1187 3597 ad
1209 3537 1256 3597 la·
1279 3537 1280 3604 ᾗ
