<?xml version="1.0" encoding="UTF-8"?>
<!DOCTYPE html PUBLIC "-//W3C//DTD XHTML 1.0 Transitional//EN"
    "http://www.w3.org/TR/xhtml1/DTD/xhtml1-transitional.dtd">
<html xmlns="http://www.w3.org/1999/xhtml" xml:lang="en" lang="en">
 <head>
  <title>
</title>
<meta http-equiv="Content-Type" content="text/html;charset=utf-8" />
  <meta name='ocr-system' content='tesseract 3.04.00' />
  <meta name='ocr-capabilities' content='ocr_page ocr_carea ocr_par ocr_line ocrx_word'/>
</head>
<body>
  <div class='ocr_page' id='page_1' title='image "./piivipontmaxact02piusgoog_0080.png"; bbox 0 0 2606 4268; ppageno 0'>
   <div class='ocr_carea' id='block_1_1' title="bbox 291 253 1297 850">
    <p class='ocr_par' dir='ltr' id='par_1_1' title="bbox 291 253 1297 850">
     <span class='ocr_line' id='line_1_1' title="bbox 1296 253 1297 290; baseline 0 0"><span class='ocrx_word' id='word_1_1' title='bbox 1296 253 1297 290; x_wconf 86' lang='lat' dir='ltr'><strong>l</strong></span> 
     </span>
     <span class='ocr_line' id='line_1_2' title="bbox 291 397 1297 477; baseline -0.002 -19"><span class='ocrx_word' id='word_1_2' title='bbox 291 399 398 477; x_wconf 89' lang='lat' dir='ltr'><strong>ptione</strong></span> <span class='ocrx_word' id='word_1_3' title='bbox 412 397 541 458; x_wconf 83' lang='lat' dir='ltr'><strong>maioris</strong></span> <span class='ocrx_word' id='word_1_4' title='bbox 556 398 656 458; x_wconf 83' lang='lat' dir='ltr'><strong>solum</strong></span> <span class='ocrx_word' id='word_1_5' title='bbox 677 397 817 472; x_wconf 76' lang='lat' dir='ltr'><strong>assistat,</strong></span> <span class='ocrx_word' id='word_1_6' title='bbox 834 398 927 458; x_wconf 84' lang='lat' dir='ltr'><strong>valor</strong></span> <span class='ocrx_word' id='word_1_7' title='bbox 941 398 1054 458; x_wconf 87' lang='lat' dir='ltr'><strong>dubius</strong></span> <span class='ocrx_word' id='word_1_8' title='bbox 1067 398 1181 458; x_wconf 88' lang='lat' dir='ltr'><strong>saltem</strong></span> <span class='ocrx_word' id='word_1_9' title='bbox 1198 400 1260 456; x_wconf 90' lang='lat' dir='ltr'><strong>est:</strong></span> <span class='ocrx_word' id='word_1_10' title='bbox 1296 439 1297 456; x_wconf 47' lang='lat'>2</span> 
     </span>
     <span class='ocr_line' id='line_1_3' title="bbox 293 489 1264 570; baseline 0.001 -17"><span class='ocrx_word' id='word_1_11' title='bbox 293 509 388 570; x_wconf 88' lang='lat' dir='ltr'><strong>quare</strong></span> <span class='ocrx_word' id='word_1_12' title='bbox 404 491 478 550; x_wconf 89' lang='lat' dir='ltr'><strong>haec</strong></span> <span class='ocrx_word' id='word_1_13' title='bbox 492 490 705 562; x_wconf 87' lang='lat' dir='ltr'><strong>matrimonia,</strong></span> <span class='ocrx_word' id='word_1_14' title='bbox 725 491 820 567; x_wconf 80' lang='lat' dir='ltr'><strong>prout</strong></span> <span class='ocrx_word' id='word_1_15' title='bbox 834 491 865 549; x_wconf 93' lang='lat' dir='ltr'><strong>in</strong></span> <span class='ocrx_word' id='word_1_16' title='bbox 882 490 1040 550; x_wconf 88' lang='lat' dir='ltr'><strong>similibus</strong></span> <span class='ocrx_word' id='word_1_17' title='bbox 1052 490 1176 550; x_wconf 88' lang='lat' dir='ltr'><strong>casibus</strong></span> <span class='ocrx_word' id='word_1_18' title='bbox 1188 489 1264 554; x_wconf 86' lang='lat' dir='ltr'><strong>fieri</strong></span> 
     </span>
     <span class='ocr_line' id='line_1_4' title="bbox 292 584 1297 663; baseline 0 -15"><span class='ocrx_word' id='word_1_19' title='bbox 292 588 387 658; x_wconf 88' lang='lat' dir='ltr'><strong>solet,</strong></span> <span class='ocrx_word' id='word_1_20' title='bbox 410 603 515 646; x_wconf 87' lang='lat' dir='ltr'><strong>coram</strong></span> <span class='ocrx_word' id='word_1_21' title='bbox 529 585 685 662; x_wconf 85' lang='lat' dir='ltr'><strong>aliquibus</strong></span> <span class='ocrx_word' id='word_1_22' title='bbox 700 585 836 646; x_wconf 86' lang='lat' dir='ltr'><strong>testibus</strong></span> <span class='ocrx_word' id='word_1_23' title='bbox 852 585 947 646; x_wconf 86' lang='lat' dir='ltr'><strong>etiam</strong></span> <span class='ocrx_word' id='word_1_24' title='bbox 970 585 1120 663; x_wconf 84' lang='lat' dir='ltr'><strong>privatim</strong></span> <span class='ocrx_word' id='word_1_25' title='bbox 1137 584 1263 645; x_wconf 75' lang='lat' dir='ltr'><strong>anobis</strong></span> <span class='ocrx_word' id='word_1_26' title='bbox 1296 619 1297 648; x_wconf 69' lang='lat'>1</span> 
     </span>
     <span class='ocr_line' id='line_1_5' title="bbox 292 679 1265 758; baseline -0.004 -18"><span class='ocrx_word' id='word_1_27' title='bbox 292 697 349 758; x_wconf 88' lang='lat' dir='ltr'><strong>pro</strong></span> <span class='ocrx_word' id='word_1_28' title='bbox 371 679 507 752; x_wconf 85' lang='lat' dir='ltr'><strong>cautela,</strong></span> <span class='ocrx_word' id='word_1_29' title='bbox 533 679 637 739; x_wconf 84' lang='lat' dir='ltr'><strong>valori</strong></span> <span class='ocrx_word' id='word_1_30' title='bbox 652 679 780 739; x_wconf 85' lang='lat' dir='ltr'><strong>restitui</strong></span> <span class='ocrx_word' id='word_1_31' title='bbox 803 683 946 757; x_wconf 79' lang='lat' dir='ltr'><strong>possunt.</strong></span> <span class='ocrx_word' id='word_1_32' title='bbox 963 681 1022 739; x_wconf 91' lang='lat' dir='ltr'><strong>Sed</strong></span> <span class='ocrx_word' id='word_1_33' title='bbox 1044 679 1192 756; x_wconf 89' lang='lat' dir='ltr'><strong>quoniam</strong></span> <span class='ocrx_word' id='word_1_34' title='bbox 1209 695 1265 754; x_wconf 89' lang='lat' dir='ltr'><strong>pa·</strong></span> 
     </span>
     <span class='ocr_line' id='line_1_6' title="bbox 292 773 1265 850; baseline -0.004 -14"><span class='ocrx_word' id='word_1_35' title='bbox 292 775 406 836; x_wconf 86' lang='lat' dir='ltr'><strong>rochus</strong></span> <span class='ocrx_word' id='word_1_36' title='bbox 427 791 604 850; x_wconf 87' lang='lat' dir='ltr'><strong>suspensus,</strong></span> <span class='ocrx_word' id='word_1_37' title='bbox 619 791 659 832; x_wconf 89' lang='lat' dir='ltr'><strong>ex</strong></span> <span class='ocrx_word' id='word_1_38' title='bbox 673 774 828 832; x_wconf 90' lang='lat' dir='ltr'><strong>communi</strong></span> <span class='ocrx_word' id='word_1_39' title='bbox 844 775 1008 832; x_wconf 88' lang='lat' dir='ltr'><strong>doctorum</strong></span> <span class='ocrx_word' id='word_1_40' title='bbox 1031 773 1191 832; x_wconf 88' lang='lat' dir='ltr'><strong>sententia</strong></span> <span class='ocrx_word' id='word_1_41' title='bbox 1205 789 1265 848; x_wconf 89' lang='lat' dir='ltr'><strong>pa-</strong></span> 
     </span>
    </p>
   </div>
   <div class='ocr_carea' id='block_1_2' title="bbox 293 867 1264 940">
    <p class='ocr_par' dir='ltr' id='par_1_2' title="bbox 293 867 1264 940">
     <span class='ocr_line' id='line_1_7' title="bbox 293 867 1264 940; baseline -0.004 -11"><span class='ocrx_word' id='word_1_42' title='bbox 293 869 407 929; x_wconf 78' lang='lat' dir='ltr'><strong>rochus</strong></span> <span class='ocrx_word' id='word_1_43' title='bbox 421 886 487 928; x_wconf 90' lang='lat' dir='ltr'><strong>esse</strong></span> <span class='ocrx_word' id='word_1_44' title='bbox 501 885 560 925; x_wconf 88' lang='lat' dir='ltr'><strong>non</strong></span> <span class='ocrx_word' id='word_1_45' title='bbox 576 867 704 940; x_wconf 91' lang='lat' dir='ltr'><strong>desinit,</strong></span> <span class='ocrx_word' id='word_1_46' title='bbox 723 867 796 927; x_wconf 87' lang='lat' dir='ltr'><strong>hinc</strong></span> <span class='ocrx_word' id='word_1_47' title='bbox 808 867 845 927; x_wconf 91' lang='lat' dir='ltr'><strong>de</strong></span> <span class='ocrx_word' id='word_1_48' title='bbox 861 869 968 928; x_wconf 86' lang='lat' dir='ltr'><strong>valore</strong></span> <span class='ocrx_word' id='word_1_49' title='bbox 983 867 1264 929; x_wconf 82' lang='lat' dir='ltr'><strong>matrimoniorum</strong></span> 
     </span>
    </p>
   </div>
   <div class='ocr_carea' id='block_1_3' title="bbox 253 966 1297 3079">
    <p class='ocr_par' dir='ltr' id='par_1_3' title="bbox 293 966 1297 1607">
     <span class='ocr_line' id='line_1_8' title="bbox 294 966 1264 1045; baseline -0.003 -16"><span class='ocrx_word' id='word_1_50' title='bbox 294 986 399 1029; x_wconf 88' lang='lat' dir='ltr'><strong>coram</strong></span> <span class='ocrx_word' id='word_1_51' title='bbox 421 969 556 1044; x_wconf 78' lang='lat' dir='ltr'><strong>parocho</strong></span> <span class='ocrx_word' id='word_1_52' title='bbox 575 967 679 1028; x_wconf 86' lang='lat' dir='ltr'><strong>iurato</strong></span> <span class='ocrx_word' id='word_1_53' title='bbox 701 971 934 1028; x_wconf 89' lang='lat' dir='ltr'><strong>contractorum</strong></span> <span class='ocrx_word' id='word_1_54' title='bbox 957 967 1097 1028; x_wconf 87' lang='lat' dir='ltr'><strong>dubitari</strong></span> <span class='ocrx_word' id='word_1_55' title='bbox 1118 966 1264 1045; x_wconf 88' lang='lat' dir='ltr'><strong>proiecto</strong></span> 
     </span>
     <span class='ocr_line' id='line_1_9' title="bbox 294 1062 1265 1139; baseline -0.002 -17"><span class='ocrx_word' id='word_1_56' title='bbox 294 1081 356 1122; x_wconf 91' lang='lat' dir='ltr'><strong>non</strong></span> <span class='ocrx_word' id='word_1_57' title='bbox 384 1065 499 1138; x_wconf 90' lang='lat' dir='ltr'><strong>potest.</strong></span> <span class='ocrx_word' id='word_1_58' title='bbox 523 1063 720 1138; x_wconf 84' lang='lat' dir='ltr'><strong>Quapropter</strong></span> <span class='ocrx_word' id='word_1_59' title='bbox 743 1064 779 1120; x_wconf 89' lang='lat' dir='ltr'><strong>he</strong></span> <span class='ocrx_word' id='word_1_60' title='bbox 801 1079 856 1138; x_wconf 90' lang='lat' dir='ltr'><strong>pro</strong></span> <span class='ocrx_word' id='word_1_61' title='bbox 884 1062 1162 1139; x_wconf 85' lang='lat' dir='ltr'><strong>cautelaquidem</strong></span> <span class='ocrx_word' id='word_1_62' title='bbox 1185 1079 1265 1138; x_wconf 84' lang='lat' dir='ltr'><strong>opus</strong></span> 
     </span>
     <span class='ocr_line' id='line_1_10' title="bbox 294 1155 1263 1233; baseline -0.002 -17"><span class='ocrx_word' id='word_1_63' title='bbox 294 1160 355 1228; x_wconf 87' lang='lat' dir='ltr'><strong>cst,</strong></span> <span class='ocrx_word' id='word_1_64' title='bbox 372 1158 407 1214; x_wconf 91' lang='lat' dir='ltr'><strong>ut</strong></span> <span class='ocrx_word' id='word_1_65' title='bbox 428 1155 627 1216; x_wconf 86' lang='lat' dir='ltr'><strong>matrimonia</strong></span> <span class='ocrx_word' id='word_1_66' title='bbox 647 1155 798 1214; x_wconf 90' lang='lat' dir='ltr'><strong>eiusmodi</strong></span> <span class='ocrx_word' id='word_1_67' title='bbox 818 1173 924 1216; x_wconf 90' lang='lat' dir='ltr'><strong>coram</strong></span> <span class='ocrx_word' id='word_1_68' title='bbox 947 1157 1081 1233; x_wconf 82' lang='lat' dir='ltr'><strong>parocho</strong></span> <span class='ocrx_word' id='word_1_69' title='bbox 1102 1155 1263 1216; x_wconf 89' lang='lat' dir='ltr'><strong>catholico</strong></span> 
     </span>
     <span class='ocr_line' id='line_1_11' title="bbox 295 1248 986 1332; baseline -0.004 -22"><span class='ocrx_word' id='word_1_70' title='bbox 295 1251 329 1322; x_wconf 83' lang='lat' dir='ltr'><strong>et</strong></span> <span class='ocrx_word' id='word_1_71' title='bbox 349 1249 482 1309; x_wconf 85' lang='lat' dir='ltr'><strong>testibus</strong></span> <span class='ocrx_word' id='word_1_72' title='bbox 503 1248 667 1308; x_wconf 87' lang='lat' dir='ltr'><strong>validitati</strong></span> <span class='ocrx_word' id='word_1_73' title='bbox 682 1248 906 1308; x_wconf 84' lang='lat' dir='ltr'><strong>restituantur.</strong></span> <span class='ocrx_word' id='word_1_74' title='bbox 985 1329 986 1332; x_wconf 7' lang='grc' dir='ltr'><strong>Ἴ</strong></span> 
     </span>
     <span class='ocr_line' id='line_1_12' title="bbox 307 1317 1297 1419; baseline -0.003 -16"><span class='ocrx_word' id='word_1_75' title='bbox 307 1347 310 1352; x_wconf 82' lang='grc'><em>“</em></span> <span class='ocrx_word' id='word_1_76' title='bbox 353 1345 436 1403; x_wconf 88' lang='lat' dir='ltr'><strong>Haec</strong></span> <span class='ocrx_word' id='word_1_77' title='bbox 451 1347 542 1416; x_wconf 88' lang='lat' dir='ltr'><strong>sunt,</strong></span> <span class='ocrx_word' id='word_1_78' title='bbox 557 1341 749 1404; x_wconf 85' lang='lat' dir='ltr'><strong>venerabilis</strong></span> <span class='ocrx_word' id='word_1_79' title='bbox 769 1341 890 1416; x_wconf 87' lang='lat' dir='ltr'><strong>frater,</strong></span> <span class='ocrx_word' id='word_1_80' title='bbox 905 1359 983 1419; x_wconf 89' lang='lat' dir='ltr'><strong>quae</strong></span> <span class='ocrx_word' id='word_1_81' title='bbox 1005 1341 1037 1401; x_wconf 92' lang='lat' dir='ltr'><strong>in</strong></span> <span class='ocrx_word' id='word_1_82' title='bbox 1060 1345 1116 1404; x_wconf 88' lang='lat' dir='ltr'><strong>tua</strong></span> <span class='ocrx_word' id='word_1_83' title='bbox 1138 1342 1264 1402; x_wconf 89' lang='lat' dir='ltr'><strong>instru·</strong></span> <span class='ocrx_word' id='word_1_84' title='bbox 1296 1317 1297 1366; x_wconf 49' lang='lat'>¹</span> 
     </span>
     <span class='ocr_line' id='line_1_13' title="bbox 295 1435 1297 1530; baseline -0.005 -32"><span class='ocrx_word' id='word_1_85' title='bbox 295 1439 401 1499; x_wconf 85' lang='lat' dir='ltr'><strong>ctione</strong></span> <span class='ocrx_word' id='word_1_86' title='bbox 429 1439 466 1498; x_wconf 88' lang='lat' dir='ltr'><strong>ad</strong></span> <span class='ocrx_word' id='word_1_87' title='bbox 489 1437 606 1496; x_wconf 90' lang='lat' dir='ltr'><strong>clerum</strong></span> <span class='ocrx_word' id='word_1_88' title='bbox 640 1437 746 1513; x_wconf 88' lang='lat' dir='ltr'><strong>aliqua</strong></span> <span class='ocrx_word' id='word_1_89' title='bbox 770 1436 1046 1496; x_wconf 83' lang='lat' dir='ltr'><strong>animadversione</strong></span> <span class='ocrx_word' id='word_1_90' title='bbox 1068 1436 1163 1514; x_wconf 87' lang='lat' dir='ltr'><strong>digna</strong></span> <span class='ocrx_word' id='word_1_91' title='bbox 1192 1435 1265 1494; x_wconf 82' lang='lat' dir='ltr'><strong>visa</strong></span> <span class='ocrx_word' id='word_1_92' title='bbox 1296 1443 1297 1530; x_wconf 56' lang='lat' dir='ltr'><strong>t</strong></span> 
     </span>
     <span class='ocr_line' id='line_1_14' title="bbox 293 1529 1262 1607; baseline -0.008 -13"><span class='ocrx_word' id='word_1_93' title='bbox 293 1533 391 1594; x_wconf 87' lang='lat' dir='ltr'><strong>Nobis</strong></span> <span class='ocrx_word' id='word_1_94' title='bbox 412 1535 506 1591; x_wconf 88' lang='lat' dir='ltr'><strong>sunt:</strong></span> <span class='ocrx_word' id='word_1_95' title='bbox 529 1547 668 1607; x_wconf 87' lang='lat' dir='ltr'><strong>quaeque</strong></span> <span class='ocrx_word' id='word_1_96' title='bbox 690 1530 742 1589; x_wconf 91' lang='lat' dir='ltr'><strong>uhi</strong></span> <span class='ocrx_word' id='word_1_97' title='bbox 775 1529 898 1590; x_wconf 85' lang='lat' dir='ltr'><strong>inerint</strong></span> <span class='ocrx_word' id='word_1_98' title='bbox 927 1532 1057 1590; x_wconf 90' lang='lat' dir='ltr'><strong>redacta</strong></span> <span class='ocrx_word' id='word_1_99' title='bbox 1083 1531 1176 1588; x_wconf 85' lang='lat' dir='ltr'><strong>iuxta</strong></span> <span class='ocrx_word' id='word_1_100' title='bbox 1204 1547 1262 1601; x_wconf 87' lang='lat' dir='ltr'><strong>ea,</strong></span> 
     </span>
    </p>

    <p class='ocr_par' dir='ltr' id='par_1_4' title="bbox 253 1605 1297 2814">
     <span class='ocr_line' id='line_1_15' title="bbox 253 1605 1263 1702; baseline -0.005 -18"><span class='ocrx_word' id='word_1_101' title='bbox 253 1605 258 1624; x_wconf 53' lang='lat'><strong>¹</strong></span> <span class='ocrx_word' id='word_1_102' title='bbox 294 1641 373 1702; x_wconf 89' lang='lat' dir='ltr'><strong>qnae</strong></span> <span class='ocrx_word' id='word_1_103' title='bbox 395 1623 581 1696; x_wconf 89' lang='lat' dir='ltr'><strong>monuimus,</strong></span> <span class='ocrx_word' id='word_1_104' title='bbox 604 1641 662 1681; x_wconf 92' lang='lat' dir='ltr'><strong>non</strong></span> <span class='ocrx_word' id='word_1_105' title='bbox 678 1622 857 1683; x_wconf 87' lang='lat' dir='ltr'><strong>dubitamus</strong></span> <span class='ocrx_word' id='word_1_106' title='bbox 872 1641 911 1682; x_wconf 85' lang='lat' dir='ltr'><strong>ex</strong></span> <span class='ocrx_word' id='word_1_107' title='bbox 926 1623 1032 1682; x_wconf 89' lang='lat' dir='ltr'><strong>eadem</strong></span> <span class='ocrx_word' id='word_1_108' title='bbox 1046 1621 1263 1683; x_wconf 87' lang='lat' dir='ltr'><strong>instructione</strong></span> 
     </span>
     <span class='ocr_line' id='line_1_16' title="bbox 295 1703 1264 1793; baseline -0.005 -16"><span class='ocrx_word' id='word_1_109' title='bbox 295 1719 503 1778; x_wconf 80' lang='lat' dir='ltr'><strong>obventurum</strong></span> <span class='ocrx_word' id='word_1_110' title='bbox 517 1703 585 1776; x_wconf 83' lang='lat' dir='ltr'><strong>iore</strong></span> <span class='ocrx_word' id='word_1_111' title='bbox 606 1717 743 1776; x_wconf 85' lang='lat' dir='ltr'><strong>fructum</strong></span> <span class='ocrx_word' id='word_1_112' title='bbox 763 1715 1009 1793; x_wconf 87' lang='lat' dir='ltr'><strong>amplissimum,</strong></span> <span class='ocrx_word' id='word_1_113' title='bbox 1033 1721 1066 1776; x_wconf 89' lang='lat' dir='ltr'><strong>et</strong></span> <span class='ocrx_word' id='word_1_114' title='bbox 1087 1715 1264 1776; x_wconf 81' lang='lat' dir='ltr'><strong>maximum</strong></span> 
     </span>
     <span class='ocr_line' id='line_1_17' title="bbox 295 1807 1262 1887; baseline -0.002 -17"><span class='ocrx_word' id='word_1_115' title='bbox 295 1811 328 1871; x_wconf 91' lang='lat' dir='ltr'><strong>in</strong></span> <span class='ocrx_word' id='word_1_116' title='bbox 348 1827 494 1887; x_wconf 84' lang='lat' dir='ltr'><strong>gregem,</strong></span> <span class='ocrx_word' id='word_1_117' title='bbox 511 1809 563 1886; x_wconf 88' lang='lat' dir='ltr'><strong>qui</strong></span> <span class='ocrx_word' id='word_1_118' title='bbox 579 1812 686 1869; x_wconf 86' lang='lat' dir='ltr'><strong>exstat</strong></span> <span class='ocrx_word' id='word_1_119' title='bbox 701 1809 732 1868; x_wconf 92' lang='lat' dir='ltr'><strong>in</strong></span> <span class='ocrx_word' id='word_1_120' title='bbox 747 1811 837 1886; x_wconf 88' lang='lat' dir='ltr'><strong>parte</strong></span> <span class='ocrx_word' id='word_1_121' title='bbox 853 1807 994 1870; x_wconf 86' lang='lat' dir='ltr'><strong>Alsatica</strong></span> <span class='ocrx_word' id='word_1_122' title='bbox 1009 1809 1158 1869; x_wconf 88' lang='lat' dir='ltr'><strong>dioecesis</strong></span> <span class='ocrx_word' id='word_1_123' title='bbox 1174 1813 1262 1868; x_wconf 86' lang='lat' dir='ltr'><strong>tuac.</strong></span> 
     </span>
     <span class='ocr_line' id='line_1_18' title="bbox 294 1899 1264 1980; baseline -0.001 -17"><span class='ocrx_word' id='word_1_124' title='bbox 294 1899 426 1964; x_wconf 84' lang='lat' dir='ltr'><strong>Interim</strong></span> <span class='ocrx_word' id='word_1_125' title='bbox 448 1921 554 1980; x_wconf 82' lang='lat' dir='ltr'><strong>perge,</strong></span> <span class='ocrx_word' id='word_1_126' title='bbox 577 1901 767 1962; x_wconf 86' lang='lat' dir='ltr'><strong>venerabilis</strong></span> <span class='ocrx_word' id='word_1_127' title='bbox 782 1901 895 1974; x_wconf 87' lang='lat' dir='ltr'><strong>frater,</strong></span> <span class='ocrx_word' id='word_1_128' title='bbox 912 1905 948 1962; x_wconf 89' lang='lat' dir='ltr'><strong>nt</strong></span> <span class='ocrx_word' id='word_1_129' title='bbox 969 1902 1109 1979; x_wconf 87' lang='lat' dir='ltr'><strong>coepisti,</strong></span> <span class='ocrx_word' id='word_1_130' title='bbox 1134 1906 1264 1962; x_wconf 88' lang='lat' dir='ltr'><strong>certare</strong></span> 
     </span>
     <span class='ocr_line' id='line_1_19' title="bbox 295 1995 1263 2073; baseline -0.004 -15"><span class='ocrx_word' id='word_1_131' title='bbox 295 1997 408 2058; x_wconf 90' lang='lat' dir='ltr'><strong>bonum</strong></span> <span class='ocrx_word' id='word_1_132' title='bbox 423 1999 593 2056; x_wconf 88' lang='lat' dir='ltr'><strong>certamen.</strong></span> <span class='ocrx_word' id='word_1_133' title='bbox 609 1995 758 2054; x_wconf 91' lang='lat' dir='ltr'><strong>Viriliter</strong></span> <span class='ocrx_word' id='word_1_134' title='bbox 776 2013 851 2073; x_wconf 89' lang='lat' dir='ltr'><strong>age:</strong></span> <span class='ocrx_word' id='word_1_135' title='bbox 874 1995 1051 2056; x_wconf 85' lang='lat' dir='ltr'><strong>confortare</strong></span> <span class='ocrx_word' id='word_1_136' title='bbox 1067 1995 1099 2053; x_wconf 89' lang='lat' dir='ltr'><strong>in</strong></span> <span class='ocrx_word' id='word_1_137' title='bbox 1115 1995 1263 2069; x_wconf 89' lang='lat' dir='ltr'><strong>Domino,</strong></span> 
     </span>
     <span class='ocr_line' id='line_1_20' title="bbox 295 2087 1265 2167; baseline -0.005 -16"><span class='ocrx_word' id='word_1_138' title='bbox 295 2093 329 2151; x_wconf 91' lang='lat' dir='ltr'><strong>et</strong></span> <span class='ocrx_word' id='word_1_139' title='bbox 349 2089 416 2167; x_wconf 90' lang='lat' dir='ltr'><strong>ipse</strong></span> <span class='ocrx_word' id='word_1_140' title='bbox 430 2089 518 2150; x_wconf 91' lang='lat' dir='ltr'><strong>dabit</strong></span> <span class='ocrx_word' id='word_1_141' title='bbox 539 2089 708 2166; x_wconf 89' lang='lat' dir='ltr'><strong>petitiones</strong></span> <span class='ocrx_word' id='word_1_142' title='bbox 722 2089 823 2148; x_wconf 89' lang='lat' dir='ltr'><strong>cordis</strong></span> <span class='ocrx_word' id='word_1_143' title='bbox 840 2089 899 2149; x_wconf 88' lang='lat' dir='ltr'><strong>tui:</strong></span> <span class='ocrx_word' id='word_1_144' title='bbox 923 2087 1118 2166; x_wconf 90' lang='lat' dir='ltr'><strong>nequeenim</strong></span> <span class='ocrx_word' id='word_1_145' title='bbox 1135 2105 1265 2166; x_wconf 89' lang='lat' dir='ltr'><strong>speran-</strong></span> 
     </span>
     <span class='ocr_line' id='line_1_21' title="bbox 295 2181 1264 2258; baseline -0.004 -14"><span class='ocrx_word' id='word_1_146' title='bbox 295 2186 344 2244; x_wconf 85' lang='lat' dir='ltr'><strong>tes</strong></span> <span class='ocrx_word' id='word_1_147' title='bbox 359 2183 391 2242; x_wconf 91' lang='lat' dir='ltr'><strong>in</strong></span> <span class='ocrx_word' id='word_1_148' title='bbox 414 2201 445 2242; x_wconf 87' lang='lat' dir='ltr'><strong>se</strong></span> <span class='ocrx_word' id='word_1_149' title='bbox 460 2182 606 2241; x_wconf 88' lang='lat' dir='ltr'><strong>confundi</strong></span> <span class='ocrx_word' id='word_1_150' title='bbox 628 2181 772 2258; x_wconf 87' lang='lat' dir='ltr'><strong>patitur,</strong></span> <span class='ocrx_word' id='word_1_151' title='bbox 800 2183 852 2242; x_wconf 87' lang='lat' dir='ltr'><strong>sed</strong></span> <span class='ocrx_word' id='word_1_152' title='bbox 880 2199 987 2242; x_wconf 86' lang='lat' dir='ltr'><strong>servos</strong></span> <span class='ocrx_word' id='word_1_153' title='bbox 1007 2199 1077 2240; x_wconf 91' lang='lat' dir='ltr'><strong>suos</strong></span> <span class='ocrx_word' id='word_1_154' title='bbox 1099 2185 1264 2258; x_wconf 86' lang='lat' dir='ltr'><strong>tamqnam</strong></span> 
     </span>
     <span class='ocr_line' id='line_1_22' title="bbox 294 2273 1265 2351; baseline -0.003 -16"><span class='ocrx_word' id='word_1_155' title='bbox 294 2289 405 2335; x_wconf 83' lang='lat' dir='ltr'><strong>aarum</strong></span> <span class='ocrx_word' id='word_1_156' title='bbox 428 2276 539 2351; x_wconf 86' lang='lat' dir='ltr'><strong>probat</strong></span> <span class='ocrx_word' id='word_1_157' title='bbox 560 2273 593 2333; x_wconf 90' lang='lat' dir='ltr'><strong>in</strong></span> <span class='ocrx_word' id='word_1_158' title='bbox 614 2274 735 2334; x_wconf 90' lang='lat' dir='ltr'><strong>camino</strong></span> <span class='ocrx_word' id='word_1_159' title='bbox 757 2273 986 2334; x_wconf 87' lang='lat' dir='ltr'><strong>tribulationis.</strong></span> <span class='ocrx_word' id='word_1_160' title='bbox 1003 2275 1104 2341; x_wconf 87' lang='lat' dir='ltr'><strong>Quare</strong></span> <span class='ocrx_word' id='word_1_161' title='bbox 1127 2273 1191 2332; x_wconf 77' lang='lat' dir='ltr'><strong>no&#39;n</strong></span> <span class='ocrx_word' id='word_1_162' title='bbox 1213 2275 1265 2332; x_wconf 85' lang='lat' dir='ltr'><strong>est</strong></span> 
     </span>
     <span class='ocr_line' id='line_1_23' title="bbox 296 2365 1265 2440; baseline -0.003 -12"><span class='ocrx_word' id='word_1_163' title='bbox 296 2367 516 2428; x_wconf 87' lang='lat' dir='ltr'><strong>concidendum</strong></span> <span class='ocrx_word' id='word_1_164' title='bbox 536 2367 652 2440; x_wconf 90' lang='lat' dir='ltr'><strong>animo,</strong></span> <span class='ocrx_word' id='word_1_165' title='bbox 669 2369 719 2425; x_wconf 90' lang='lat' dir='ltr'><strong>sed</strong></span> <span class='ocrx_word' id='word_1_166' title='bbox 741 2365 873 2426; x_wconf 87' lang='lat' dir='ltr'><strong>fortiter</strong></span> <span class='ocrx_word' id='word_1_167' title='bbox 888 2367 1115 2426; x_wconf 88' lang='lat' dir='ltr'><strong>sustinendum.</strong></span> <span class='ocrx_word' id='word_1_168' title='bbox 1139 2366 1265 2425; x_wconf 85' lang='lat' dir='ltr'><strong>Auctor</strong></span> 
     </span>
     <span class='ocr_line' id='line_1_24' title="bbox 295 2457 1267 2537; baseline 0 -17"><span class='ocrx_word' id='word_1_169' title='bbox 295 2461 369 2520; x_wconf 89' lang='lat' dir='ltr'><strong>boni</strong></span> <span class='ocrx_word' id='word_1_170' title='bbox 389 2457 512 2519; x_wconf 89' lang='lat' dir='ltr'><strong>consilii</strong></span> <span class='ocrx_word' id='word_1_171' title='bbox 526 2461 608 2518; x_wconf 86' lang='lat' dir='ltr'><strong>Dens</strong></span> <span class='ocrx_word' id='word_1_172' title='bbox 630 2459 757 2517; x_wconf 90' lang='lat' dir='ltr'><strong>uberem</strong></span> <span class='ocrx_word' id='word_1_173' title='bbox 779 2459 916 2537; x_wconf 88' lang='lat' dir='ltr'><strong>gratiam</strong></span> <span class='ocrx_word' id='word_1_174' title='bbox 937 2459 1114 2536; x_wconf 88' lang='lat' dir='ltr'><strong>elargiatur</strong></span> <span class='ocrx_word' id='word_1_175' title='bbox 1129 2459 1267 2520; x_wconf 79' lang='lat' dir='ltr'><strong>Frater·</strong></span> 
     </span>
     <span class='ocr_line' id='line_1_25' title="bbox 297 2549 1265 2628; baseline -0.001 -15"><span class='ocrx_word' id='word_1_176' title='bbox 297 2553 393 2625; x_wconf 80' lang='lat' dir='ltr'><strong>nitati</strong></span> <span class='ocrx_word' id='word_1_177' title='bbox 414 2554 498 2624; x_wconf 88' lang='lat' dir='ltr'><strong>tuae,</strong></span> <span class='ocrx_word' id='word_1_178' title='bbox 515 2551 566 2610; x_wconf 90' lang='lat' dir='ltr'><strong>cui</strong></span> <span class='ocrx_word' id='word_1_179' title='bbox 579 2551 643 2612; x_wconf 90' lang='lat' dir='ltr'><strong>Nos</strong></span> <span class='ocrx_word' id='word_1_180' title='bbox 663 2550 801 2610; x_wconf 84' lang='lat' dir='ltr'><strong>eiusdem</strong></span> <span class='ocrx_word' id='word_1_181' title='bbox 823 2551 1015 2628; x_wconf 89' lang='lat' dir='ltr'><strong>auspicium,</strong></span> <span class='ocrx_word' id='word_1_182' title='bbox 1031 2553 1065 2610; x_wconf 90' lang='lat' dir='ltr'><strong>et</strong></span> <span class='ocrx_word' id='word_1_183' title='bbox 1078 2549 1265 2626; x_wconf 83' lang='lat' dir='ltr'><strong>pontificiae</strong></span> 
     </span>
     <span class='ocr_line' id='line_1_26' title="bbox 296 2643 1266 2722; baseline -0.002 -14"><span class='ocrx_word' id='word_1_184' title='bbox 296 2646 532 2708; x_wconf 87' lang='lat' dir='ltr'><strong>benevolentiae</strong></span> <span class='ocrx_word' id='word_1_185' title='bbox 546 2643 672 2722; x_wconf 86' lang='lat' dir='ltr'><strong>pignus,</strong></span> <span class='ocrx_word' id='word_1_186' title='bbox 688 2645 894 2722; x_wconf 88' lang='lat' dir='ltr'><strong>apostolicam</strong></span> <span class='ocrx_word' id='word_1_187' title='bbox 909 2643 1154 2704; x_wconf 87' lang='lat' dir='ltr'><strong>benedictionem</strong></span> <span class='ocrx_word' id='word_1_188' title='bbox 1169 2661 1266 2721; x_wconf 89' lang='lat' dir='ltr'><strong>pera-</strong></span> 
     </span>
     <span class='ocr_line' id='line_1_27' title="bbox 296 2737 653 2814; baseline -0.008 -14"><span class='ocrx_word' id='word_1_189' title='bbox 296 2743 420 2800; x_wconf 86' lang='lat' dir='ltr'><strong>manter</strong></span> <span class='ocrx_word' id='word_1_190' title='bbox 440 2737 653 2814; x_wconf 88' lang='lat' dir='ltr'><strong>impertimur.</strong></span> 
     </span>
    </p>

    <p class='ocr_par' dir='ltr' id='par_1_5' title="bbox 356 2829 1266 2906">
     <span class='ocr_line' id='line_1_28' title="bbox 356 2829 1266 2906; baseline -0.002 -14"><span class='ocrx_word' id='word_1_191' title='bbox 356 2834 469 2892; x_wconf 88' lang='lat' dir='ltr'><strong>Datum</strong></span> <span class='ocrx_word' id='word_1_192' title='bbox 480 2832 611 2902; x_wconf 86' lang='lat' dir='ltr'><strong>Romae,</strong></span> <span class='ocrx_word' id='word_1_193' title='bbox 621 2830 701 2906; x_wconf 86' lang='lat' dir='ltr'><strong>apud</strong></span> <span class='ocrx_word' id='word_1_194' title='bbox 713 2830 860 2890; x_wconf 87' lang='lat' dir='ltr'><strong>Sanctam</strong></span> <span class='ocrx_word' id='word_1_195' title='bbox 876 2829 1008 2890; x_wconf 88' lang='lat' dir='ltr'><strong>Mariam</strong></span> <span class='ocrx_word' id='word_1_196' title='bbox 1023 2829 1192 2904; x_wconf 88' lang='lat' dir='ltr'><strong>Maiorem,</strong></span> <span class='ocrx_word' id='word_1_197' title='bbox 1205 2831 1266 2890; x_wconf 89' lang='lat' dir='ltr'><strong>sub</strong></span> 
     </span>
    </p>

    <p class='ocr_par' dir='ltr' id='par_1_6' title="bbox 295 2923 1297 3108">
     <span class='ocr_line' id='line_1_29' title="bbox 295 2923 1297 3000; baseline 0 -14"><span class='ocrx_word' id='word_1_198' title='bbox 295 2926 410 2986; x_wconf 88' lang='lat' dir='ltr'><strong>annulo</strong></span> <span class='ocrx_word' id='word_1_199' title='bbox 431 2923 621 2996; x_wconf 87' lang='lat' dir='ltr'><strong>Piscatoris,</strong></span> <span class='ocrx_word' id='word_1_200' title='bbox 649 2925 698 2983; x_wconf 90' lang='lat' dir='ltr'><strong>die</strong></span> <span class='ocrx_word' id='word_1_201' title='bbox 728 2926 786 2985; x_wconf 90' lang='lat' dir='ltr'><strong>VII</strong></span> <span class='ocrx_word' id='word_1_202' title='bbox 809 2925 1001 2985; x_wconf 86' lang='lat' dir='ltr'><strong>Novembris</strong></span> <span class='ocrx_word' id='word_1_203' title='bbox 1028 2926 1264 2999; x_wconf 79' lang='lat' dir='ltr'><strong>MDOGXGIII,</strong></span> <span class='ocrx_word' id='word_1_204' title='bbox 1296 2931 1297 3000; x_wconf 69' lang='lat' dir='ltr'><strong>l</strong></span> 
     </span>
     <span class='ocr_line' id='line_1_30' title="bbox 296 3017 843 3079; baseline -0.002 0"><span class='ocrx_word' id='word_1_205' title='bbox 296 3017 502 3079; x_wconf 87' lang='lat' dir='ltr'><strong>Pontificatus</strong></span> <span class='ocrx_word' id='word_1_206' title='bbox 523 3017 633 3079; x_wconf 89' lang='lat' dir='ltr'><strong>Nostri</strong></span> <span class='ocrx_word' id='word_1_207' title='bbox 655 3035 736 3078; x_wconf 89' lang='lat' dir='ltr'><strong>anno</strong></span> <span class='ocrx_word' id='word_1_208' title='bbox 757 3019 843 3078; x_wconf 87' lang='lat' dir='ltr'><strong>XIX.</strong></span> 
     </span>
    </p>
   </div>
   <div class='ocr_carea' id='block_1_4' title="bbox 0 0 1313 4268">
    <p class='ocr_par' dir='ltr' id='par_1_7' title="bbox 0 0 1313 4268">
     <span class='ocr_line' id='line_1_31' title="bbox 0 0 1313 4268; baseline 0 0"><span class='ocrx_word' id='word_1_209' title='bbox 0 0 1313 4268; x_wconf 95' lang='lat' dir='ltr'><strong> </strong></span> 
     </span>
    </p>
   </div>
   <div class='ocr_carea' id='block_1_5' title="bbox 713 3333 859 3380">
    <p class='ocr_par' dir='ltr' id='par_1_8' title="bbox 713 3253 1297 4253">
     <span class='ocr_line' id='line_1_32' title="bbox 713 3333 859 3380; baseline -0.002 874"><span class='ocrx_word' id='word_1_210' title='bbox 713 3333 859 3380; x_wconf 47' lang='lat' dir='ltr'><em>w</em></span> 
     </span>
    </p>
   </div>
  </div>
 </body>
</html>
