2606 4268
481 269 660 331 -145-

86 367 175 429 nales
189 369 342 446 praedicti
356 373 396 433 ab
411 375 488 434 urbe
503 376 648 438 absentes
670 399 729 440 non
752 383 1049 450 advenerint'Hano
1165 389 1168 394 ’

86 461 194 538 itaque
216 463 449 541 derogationem
465 485 501 528 ac
523 471 764 534 declarationem
786 478 976 541 auctoritato
988 485 1052 545 No-

87 558 157 615 stra
170 557 345 632 apostolica
358 559 529 635 firmatam,
546 567 731 627 servandam
754 567 894 631 iubemus
916 591 951 633 ao
965 594 1051 636 man-

87 651 209 720 damus,
219 651 371 727 praefatis
384 655 660 718 constitutionibus
675 664 707 720 et
721 663 965 744 quibuscumque
979 670 1052 730 aliis

86 741 119 800 in
140 745 336 804 eontrarium
358 747 643 810 nonobstantibus.

146 837 261 895 Datum
282 840 413 912 Romae,
436 844 515 918 apud
539 844 572 902 S.
588 845 738 920 Petrum,
761 847 849 910 die...
871 854 986 916 mensis
1007 855 1052 917 fe·

86 928 229 1005 bruar'ii,
252 932 327 991 anni
346 935 581 996 MDOOXOVII.
629 971 631 974 ·

514 1102 629 1160 xnv.

387 1201 749 1274 INDULGENTIAE

87 1343 175 1410 Quas
194 1344 344 1407 Summus
363 1349 537 1426 Pontifeoe,
555 1353 606 1411 oei
627 1354 667 1411 ob
688 1369 722 1411 eo
735 1351 910 1430 Delegatua
923 1361 1051 1423 benedi·
1091 1380 1093 1385 ·

145 1440 245 1500 ceddo
268 1435 417 1512 Coronos,
441 1442 593 1514 Rotaria,
611 1442 735 1517 Cruces,
759 1441 951 1527 Gracifioeos,
971 1472 1051 1530 pai·-

145 1550 206 1592 vas
226 1531 370 1604 Statuas,
386 1533 602 1608 Numismata,
628 1538 785 1616 Medaglie
807 1544 903 1620 volqo
922 1541 1052 1606 ,nancia-

140 1633 238 1704 pata,
262 1628 451 1702 impertitur
472 1625 596 1687 Christi
615 1631 775 1708 fidelibus,
792 1636 853 1712 qui
871 1652 976 1696 secam
989 1640 1051 1702 ba·

147 1719 265 1791 dentes,
287 1722 339 1779 oel
360 1721 449 1796 apud
476 1737 507 1780 se
534 1725 713 1783 retinentes
733 1729 868 1804 aliquod
889 1746 931 1789 eoa
946 1749 1050 1808 prae·

146 1814 240 1890 sotis,
257 1814 477 1889 infrascripta
493 1817 555 1890 pia
574 1832 671 1891 opera
692 1818 882 1902 implebant.

148 1953 318 2031 Utriusque
334 1971 426 2014 sexus
440 1956 559 2016 Ohristi
575 1957 682 2017 fideles
696 1957 852 2036 imprimis
872 1964 1049 2026 admonitos

85 2047 161 2108 vult
181 2047 342 2108 Sanctitas
356 2048 431 2120 Sua,
449 2058 486 2108 ut
507 2051 575 2126 quis
597 2051 742 2128 consequi
763 2053 870 2114 valcat
884 2055 1049 2142 indulgen-

86 2141 163 2213 tias,
179 2141 300 2217 quasin
316 2141 457 2217 praefata
472 2141 686 2202 benedictione
701 2147 857 2221 concedit,
873 2151 1047 2211 necessario

76 2233 209 2310 ¹requiri
235 2233 360 2310 aliquod
390 2253 430 2293 ex
462 2235 637 2295 enunciatis
666 2237 927 2316 numismatibus,
959 2260 1047 2302 coro·

85 2327 137 2386 nis
159 2330 234 2400 eta,
251 2345 354 2385 secum
376 2328 499 2400 habere,
523 2333 579 2388 aut
599 2331 678 2406 apud
702 2349 734 2389 se
755 2333 906 2394 retinere.

148 2422 227 2480 Item
243 2419 413 2495 orationes,
430 2423 620 2499 devotasque
634 2441 742 2500 preces
756 2424 986 2504 infrascriptae,
998 2426 1047 2487 uti

85 2513 281 2573 conditiones
301 2531 358 2590 pro
378 2515 645 2592 indulgentiarum
671 2519 891 2579 consecutione
913 2520 1049 2598 requisi-

85 2612 154 2680 tas,
177 2625 424 2685 unumquemque
452 2609 554 2668 teneri
585 2611 742 2684 recitare,
765 2612 817 2670 rel
839 2629 941 2672 secum
964 2613 1048 2672 deic-

85 2703 185 2762 rendo
212 2719 371 2772 eoronam,
398 2702 587 2764 Crucifixum
616 2707 691 2778 eto,
713 2705 765 2764 vel
794 2705 820 2763 si
846 2706 914 2782 quis
943 2723 1047 2765 secum

85 2813 148 2854 uon
171 2795 295 2867 habeat,
317 2797 423 2854 eadem
445 2796 476 2854 in
498 2796 660 2870 cubiculo,
683 2797 735 2856 vel
756 2796 820 2856 alio
842 2797 964 2856 decenti
979 2797 1047 2856 loco

86 2907 161 2948 suae
183 2887 387 2948 habitationis
415 2888 572 2962 retinere,
594 2893 627 2948 et
653 2907 756 2950 coram
785 2889 830 2948 eis
856 2889 1046 2966 respectivas

86 2999 195 3059 preces
216 2982 351 3042 recitare
372 2982 508 3063 debebit.
1053 2980 1055 2988 '

147 3075 319 3135 Praeterea
332 3076 370 3136 ab
385 3075 560 3135 huiusmodi
575 3076 795 3136 Benedictioue
810 3075 968 3136 Sanctitas
983 3075 1046 3135 Sua

86 3167 196 3226 reiicit
216 3166 380 3244 imagines,
402 3169 469 3226 sive
490 3168 666 3244 impressas,
682 3169 748 3228 siue
763 3169 913 3247 depictas,
928 3185 1046 3227 necnon

86 3261 213 3333 Cruces,
236 3261 420 3333 Crucifixos,
443 3279 556 3337 parvas
578 3265 710 3334 statuas,
733 3263 932 3334 numismata,
947 3263 1044 3339 vulgo

86 3353 253 3434 Medaplie
274 3357 461 3430 nuncupata,
483 3372 561 3431 quaa
582 3372 621 3412 ex
642 3353 738 3428 ferro,
768 3359 890 3428 stanno,
907 3355 1042 3430 plumbo,

86 3448 139 3506 vel
161 3463 202 3505 ex
222 3445 332 3523 fragili
353 3447 417 3518 alia
443 3445 596 3521 materia,
617 3447 780 3525 facilisque
801 3446 1045 3525 consumptionis

88 3539 309 3599 conficiuntur.

185 3659 243 3710 Vol.
262 3659 305 3711 II.
920 3663 951 3709 1⁰
1033 3665 1035 3670 ¹
