2624 4260
661 247 840 307 -194-

270 372 342 415 mea
361 372 429 414 non
458 357 657 414 transibunt.
680 356 764 420 Quae
786 354 902 413 verbai
928 353 976 412 Ta
996 371 1028 412 es
1045 354 1177 425 Petrus,
1208 361 1242 412 et

269 464 365 523 super
386 447 471 508 banc
492 457 621 524 petram
647 448 823 525 aedificabo
849 445 1027 505 Ecclesiam
1051 464 1177 517 mecm,
1207 455 1242 506 et

265 549 380 618 portae
401 543 507 619 inferi
526 560 594 600 aaa
610 545 848 618 praevalebant
869 541 1024 601 adversas
1050 557 1150 600 eam»
1175 540 1236 618 (l).

331 636 418 701 Quod
440 637 477 693 de
499 635 590 693 novis
611 635 741 711 pietatis
763 633 952 694 testimoniis
973 633 1153 710 scripsistis,
1179 651 1241 692 ve·

270 730 426 789 nerabiles
445 730 588 801 Fratres,
604 730 715 805 quibus
735 727 996 788 clementissimus
1016 727 1147 804 Angliae
1163 731 1240 788 Rex

270 841 382 883 ornare
397 824 459 882 Vos
475 821 591 898 pergit,
607 821 822 899 gratissimum
837 822 934 883 Nobis
955 825 1014 891 esi,
1030 821 1083 898 qui
1104 839 1158 896 per
1182 839 1239 880 eas

270 916 409 988 litteras,
433 933 508 991 quas
531 917 568 973 ad
591 916 733 992 singulos
753 917 883 974 Vestros
905 915 973 972 dari
994 915 1097 986 iussit,
1113 914 1239 992 signifi-

271 1009 359 1068 carit
373 1009 479 1081 Vobis,
496 1027 528 1068 se
542 1027 579 1068 ea
592 1009 675 1086 lege,
691 1029 752 1086 qua
766 1010 925 1086 peregrini
944 1027 1049 1067 omnes
1063 1026 1102 1066 ex
1116 1007 1236 1084 Anglia

270 1101 357 1161 exire
380 1101 457 1161 iussi
479 1105 563 1174 sunt,
586 1109 745 1178 exemptos
767 1103 830 1160 Vos
852 1101 934 1160 velle
952 1101 1007 1178 (2).
1033 1102 1116 1166 Quod
1140 1101 1236 1160 testi-

269 1194 405 1253 monium
420 1194 767 1253 honorificentissimum
783 1196 821 1254 ab
836 1193 1057 1253 humanissimo
1073 1197 1157 1270 Rege
1175 1193 1236 1252 tri-

270 1287 379 1346 butum
402 1287 484 1359 fidei,
507 1306 542 1347 ac
564 1289 728 1348 sanctitati
743 1290 888 1359 Vestrae,
908 1289 934 1346 si
953 1287 1049 1346 Vobis
1071 1287 1123 1362 qui
1143 1305 1237 1346 acce-

269 1381 361 1457 pistis
388 1383 450 1440 tam
480 1380 648 1457 gloriosum
673 1386 744 1452 est,
773 1385 888 1457 quanto
917 1379 965 1439 illi
992 1379 1109 1456 magis,
1132 1398 1150 1438 a
1172 1397 1234 1454 quo

269 1475 365 1532 Vobis
386 1477 435 1532 est
457 1475 577 1533 datnmi
598 1475 663 1541 Quo
683 1459 780 1534 etiam
807 1473 1020 1533 vehementius
1040 1471 1151 1532 laetati
1176 1490 1232 1530 su-

268 1585 347 1626 mus,
372 1569 428 1627 Cui
451 1569 530 1644 Regi
559 1568 683 1644 quidem
709 1586 778 1627 cum
804 1586 860 1644 pro
888 1566 1032 1625 maximis
1059 1565 1231 1636 beneficiis

268 1660 399 1736 quaein
423 1662 485 1719 Vos
511 1660 665 1732 contulit,
693 1679 761 1720 eam
790 1661 926 1736 gratiam
952 1677 1042 1735 quam
1067 1659 1231 1729 habemus,

267 1751 387 1811 referre
415 1753 501 1810 nullo
528 1756 618 1812 modo
646 1755 814 1830 possimus,
838 1756 934 1812 Deum
962 1756 1233 1811 remuneratorem

269 1861 436 1920 rogamus,
462 1850 498 1903 ut
519 1845 584 1921 ipse
605 1865 662 1923 pro
684 1865 740 1904 sua
765 1845 917 1922 largitate
941 1845 1071 1904 referat.
1094 1845 1180 1911 Quod
1206 1846 1235 1902 si

268 1935 483 2012 impetramus,
497 1937 576 1996 nihil
592 1941 654 1996 erit
669 1938 813 2014 amplius,
827 1941 907 2014 quod
924 1941 960 1996 ad
977 1955 1126 1997 summam
1139 1937 1236 1996 Prin-

269 2027 348 2105 cipis
367 2029 613 2103 clementissimi,
629 2031 754 2108 eiusque
769 2033 858 2108 regni
880 2031 1022 2091 universi
1043 2029 1232 2089 felicitatem
1309 2017 1310 2046 ³

266 2139 285 2181 a
304 2123 414 2196 Nobis,
439 2123 593 2200 Vobisque
616 2126 720 2201 optari
741 2126 850 2201 possit.

326 2217 451 2290 Valote,
475 2218 670 2276 venerabiles
692 2221 835 2292 Fratres,
858 2223 891 2278 et
912 2217 1095 2278 clarissimis
1123 2233 1233 2274 exem-

265 2308 326 2386 plis
341 2307 474 2367 virtutis
490 2311 621 2368 Vestrae
644 2329 705 2370 una
726 2328 795 2368 cum
816 2310 931 2369 ceteris
945 2309 1096 2370 iratribus
1110 2309 1232 2385 disper-

266 2399 353 2472 ditis,
376 2404 409 2460 et
430 2400 461 2458 in
484 2400 691 2461 tribulatione
713 2402 824 2479 positis
846 2403 1016 2462 Ecclesiam
1037 2401 1092 2462 Dei
1115 2418 1230 2460 ornare
1307 2417 1308 2437 1

263 2492 407 2570 pergite,
429 2493 466 2552 ad
489 2512 563 2570 quos
589 2495 686 2554 etiam
708 2496 734 2555 si
756 2499 813 2560 has
833 2497 960 2556 litteras
980 2498 1114 2557 Nostros
1134 2495 1232 2554 mise-

264 2584 349 2658 ritis,
366 2586 580 2662 gratissimum
596 2589 692 2651 Nobis
713 2591 786 2650 erit.
811 2592 854 2650 Eo
878 2591 961 2649 enim
984 2589 1087 2649 animo
1102 2588 1231 2665 scripsi-

264 2697 343 2752 mus,
368 2686 403 2740 ut
424 2699 479 2757 per
500 2700 552 2741 eas
574 2700 633 2741 non
655 2685 719 2743 Vos
741 2684 853 2758 solum,
875 2684 925 2742 sed
947 2683 1018 2742 illos
1039 2683 1135 2742 etiarn
1158 2700 1231 2741 con·
1305 2735 1306 2752 ξ

327 2868 364 2920 (1)
381 2869 455 2914 Hom.
476 2869 528 2914 ant.
546 2869 605 2915 exii.

326 2945 364 2998 (b)
380 2942 409 2988 Id
425 2944 522 2989 lactum
537 2944 588 2990 luit
604 2945 635 2991 ob
657 2945 783 2993 tumultus
800 2959 815 2992 a
832 2945 987 3005 reipublicae
1009 2946 1156 2992 fautoribus
1179 2947 1229 2992 hoc

265 3030 332 3063 anno
349 3018 377 3062 in
394 3019 517 3065 Hibernia
532 3021 661 3067 excitatos.
681 3022 724 3068 Uti
741 3022 915 3079 gratissimum
930 3023 1120 3068 monumentum
1136 3023 1230 3079 aequi-

262 3092 324 3138 tatia
348 3095 423 3150 atque
438 3093 559 3152 pietatis,
577 3109 628 3152 qua
644 3110 705 3154 erga
728 3099 861 3144 exulantes
886 3110 932 3156 pro
960 3097 1060 3145 Christo
1086 3098 1229 3158 Episcopos

264 3166 363 3212 Galliae
379 3181 441 3214 usus
458 3170 497 3215 eet
512 3171 620 3227 Angliaa
635 3175 696 3230 Rex,
709 3185 821 3220 necnon
837 3173 986 3232 prudentiae
1003 3174 1166 3230 omniumque
1177 3174 1229 3220 vir-

261 3242 362 3298 tutum,
381 3245 473 3318 quibus
497 3245 541 3289 isti
557 3245 587 3291 de
604 3247 657 3292 suis
673 3248 817 3306 hospitibus
841 3251 894 3296 tarn
919 3249 983 3296 bene
1008 3249 1092 3296 meriti
1108 3249 1226 3306 luerunt,

260 3313 358 3372 placuit
373 3315 402 3361 in
418 3317 564 3374 Appendice
579 3319 656 3366 huius
672 3322 734 3368 tomi
750 3323 846 3370 reterre
860 3324 993 3381 epistolam
1003 3324 1035 3370 ab
1046 3325 1146 3382 Angelo
1157 3325 1228 3370 Duce

261 3389 384 3434 Pontiani
400 3391 515 3438 eiusdem
530 3394 605 3450 Regis
622 3398 722 3443 nomine
747 3396 837 3444 datam
854 3398 886 3445 ad
902 3400 1052 3446 memoratos
1069 3400 1226 3458 Episcopoe;
1289 3439 1301 3450 .

262 3475 327 3521 quae
342 3468 442 3522 prostat
455 3469 484 3514 in
502 3469 655 3518 collectione
673 3473 777 3519 Guillon
793 3473 854 3520 edit.
873 3475 980 3523 Parisiis
997 3488 1038 3523 an.
1051 3476 1227 3534 1198111311)-

263 3539 372 3598 pleman.
389 3555 447 3602 pag.
466 3545 504 3592 65.
