2624 4260
690 297 869 357 -163..

184 439 191 454 .
300 399 429 460 stolicos
444 418 620 474 recurrere,
635 407 669 462 et
683 403 938 480 approbationem
959 401 999 460 ab
1019 399 1096 477 ipsis
1119 399 1260 459 obtinere

301 495 474 570 potuerint.

359 588 389 646 7.
413 587 551 664 Denique
578 587 749 663 interesse,
772 594 808 650 nt
828 591 997 649 eorundem
1024 589 1262 664 deportatorum

300 679 433 757 singulis
461 682 588 759 insuper
615 687 805 746 concedatur
834 685 989 756 facultas,
1017 683 1049 740 in
1078 680 1262 757 respectivis

299 773 389 832 exilii
404 775 451 833 sui
466 775 554 848 locis,
571 777 690 854 lapides
703 778 866 851 altarium,
880 795 954 837 vasa
968 781 1061 852 atque
1076 778 1263 834 ornamenta

301 886 389 928 sacra
415 869 453 929 ad
480 870 667 932 celebranda
695 875 893 933 sacrosancta
922 869 1075 948 mysteria
1100 872 1195 945 atque
1225 869 1261 926 ad

299 963 420 1023 cultum
442 963 584 1024 divinum
612 967 786 1026 necessaria
814 965 972 1044 (adhibito
1001 969 1105 1023 tamen
1133 963 1203 1021 oleo
1225 962 1263 1022 ab

299 1059 450 1136 Episcopo
464 1060 619 1120 catholico
633 1062 829 1141 benedicto),
845 1061 980 1121 servatis
1002 1057 1174 1128 servandis,
1191 1075 1265 1114 con·

301 1154 441 1212 secrandi
465 1160 498 1213 et
520 1154 733 1228 benedicendi,
752 1173 806 1214 nec
829 1173 887 1214 non
910 1171 1003 1230 super
1024 1171 1080 1212 ara
1102 1149 1262 1228 portatili,

300 1245 333 1303 in
355 1246 423 1305 loco
444 1248 549 1307 tamen
571 1250 705 1321 decenti,
729 1249 853 1308 missam
875 1247 1065 1317 celebrandi,
1089 1245 1115 1304 si
1136 1244 1261 1320 quidem

300 1339 461 1399 ecclesiam
487 1341 599 1417 absque
627 1343 762 1402 maximo
790 1343 981 1401 incommodo
1004 1340 1054 1400 vel
1076 1338 1263 1400 difficultate

300 1431 387 1493 adire
410 1452 468 1492 non
492 1436 665 1510 potuerint.

358 1527 423 1586 Nos
445 1526 545 1602 igitur
567 1527 780 1602 praefatorum
803 1530 1081 1600 sacerdotum,'nec
1104 1545 1163 1585 non
1186 1524 1264 1582 fide-

299 1617 376 1676 lium
391 1619 428 1676 ad
444 1637 520 1695 quos
543 1620 757 1695 pervenerint,
773 1621 991 1697 spiritualibus
1011 1617 1263 1687 necessitatibus,

300 1719 449 1788 quantum
465 1712 496 1770 in
512 1713 641 1772 Domino
656 1733 826 1790 possumus,
841 1715 1004 1774 consulere
1019 1713 1179 1789 cupientes
1196 1728 1266 1786 pre·

299 1804 387 1862 cibus
414 1821 508 1880 supra
528 1809 561 1864 et
582 1809 670 1865 retro
701 1808 896 1884 septemplici
925 1825 1054 1867 numero
1082 1804 1264 1880 expressis,

300 1897 394 1971 atque
417 1897 566 1971 gravibus
587 1898 697 1974 quibus
712 1898 893 1959 innituntur
914 1899 1074 1958 rationum
1097 1894 1266 1954 momentis

301 1987 470 2065 diligenter
500 1991 682 2068 perpensis,
708 1991 849 2050 antefata
870 1991 997 2068 speciali
1026 1994 1059 2050 et
1090 1989 1266 2066 apostolica

183 2133 188 2141 .
300 2083 492 2144 auctoritate
514 2104 533 2145 a
554 2085 756 2144 sanctissimo
777 2085 906 2145 Domino
927 2087 1043 2146 Nostro
1066 2083 1155 2141 nobis
1184 2099 1266 2141 com-

300 2177 470 2251 municata,
486 2197 591 2238 omnes
612 2183 646 2240 et
667 2179 806 2256 singulas
820 2179 988 2239 facultates
1009 2177 1042 2236 in
1064 2176 1202 2252 singulis
1216 2194 1266 2234 se-

300 2275 385 2346 ptem
409 2271 546 2331 numeris
565 2273 694 2348 petitas,
710 2275 803 2332 iuxta
823 2273 990 2344 clausulas,
1014 2270 1213 2330 conditiones
1230 2271 1265 2330 et

299 2363 488 2440 hypotheses
508 2366 619 2425 ibidem
642 2384 816 2443 expressas,
832 2367 1014 2426 memoratis
1035 2365 1262 2435 sacerdotibus,

300 2454 375 2514 sive
390 2457 450 2516 iam
472 2459 659 2534 deportatis,
680 2460 745 2518 sive
767 2460 910 2536 deinceps
932 2458 1152 2536 deportandis,
1176 2457 1263 2516 beni·

300 2565 360 2625 gne
381 2549 413 2607 in
435 2551 565 2610 Domino
588 2552 793 2612 concedimus.
811 2555 983 2613 Hortamur
1005 2556 1110 2612 autem
1132 2570 1205 2624 eos,
1229 2555 1264 2610 ut

299 2641 450 2701 eiusmodi
466 2643 634 2704 facultates
649 2647 687 2705 ad
702 2645 850 2704 maiorem
866 2647 1032 2706 dumtaxat
1044 2645 1099 2704 Dei
1115 2645 1261 2722 gloriam,
1298 2639 1299 2651 ¹

300 2734 465 2812 religionis
486 2738 659 2798 catholicae
681 2738 907 2799 incrementum
929 2743 963 2798 et
983 2738 1158 2798 animarum
1181 2737 1264 2798 salu·
1297 2789 1298 2829 ¹

299 2833 377 2902 tem,
392 2834 485 2907 atque
506 2849 575 2890 cum
597 2831 703 2893 debita
724 2831 903 2907 prudentia,
917 2831 1053 2892 servatis
1075 2831 1260 2900 servandis,

299 2927 479 2983 exerceant.
1296 2919 1297 3007 l

361 3017 475 3075 Datum
504 3033 543 3074 ex
572 3035 644 3076 arce
672 3019 779 3094 Hagno
811 3035 907 3095 prope
938 3019 1176 3089 Constantiam,
1211 3013 1263 3074 ubi

300 3125 357 3183 pro
390 3115 529 3184 tempore
561 3111 727 3187 degimus,
760 3112 817 3171 hac
844 3111 894 3170 die
932 3111 1022 3171 XXV
1056 3111 1170 3171 mensis
1207 3111 1262 3168 ln·

299 3198 337 3258 lii
358 3200 604 3261 MDOOXGVIII.
1293 3239 1295 3366 Ι

358 3335 395 3394 Ρ.
412 3335 671 3414 Archiepiscopus
689 3339 836 3413 Nicaeae,
851 3340 990 3402 Nuntius
1011 3341 1220 3418 apostolicus.
