2606 4268
63 400 301 478 propositione,
317 419 378 461 non
400 422 466 464 esse
488 404 637 465 obnoxios
656 423 805 466 censurae
825 407 1036 486 suspensionis

62 512 83 554 a
103 495 285 557 Sanctitate
312 497 376 556 Sua
397 497 538 558 inflictae
568 497 599 557 in
623 501 882 575 praememoratis
910 501 1032 562 litteris

62 588 125 646 diei
150 589 189 647 13
211 589 328 666 aprilis
357 591 430 650 anni
454 592 530 654 1791
553 593 706 652 adversus
727 611 799 665 cos,
822 595 875 670 qui
896 594 1033 655 civicum

62 681 281 743 iuramentum
304 701 394 761 pure,
411 689 444 744 et
465 686 657 762 simpliciter
678 687 922 764 praestiterunt:
939 690 1036 749 obno-

62 775 135 835 xios
157 783 263 835 tamen
279 793 345 836 esse
366 778 540 838 censurisa
562 781 631 839 iure
657 781 913 841 statutiscontra
934 783 1035 842 fauto-

61 887 125 942 res,
144 870 196 928 vel
218 872 424 930 adhaerentes
447 873 582 946 haeresi,
604 879 661 933 aut
682 874 857 933 schismati:
875 893 927 934 eos
943 894 1033 949 vero,

62 965 117 1041 qui
139 966 179 1025 ab
195 966 318 1026 intruso
333 965 640 1027 administrationem
657 969 883 1028 Parecbiarum
906 987 1035 1046 accepe-

60 1061 153 1130 runt,
169 1059 319 1118 obnoxios
333 1078 400 1120 esse
421 1063 518 1121 etiam
533 1080 684 1121 censurae
700 1061 915 1138 suspensionis
928 1066 1032 1122 statu·

61 1155 115 1210 tae
137 1152 170 1210 in
193 1152 345 1228 praelatis
369 1155 552 1230 apostolicis
573 1155 694 1216 litteris
715 1155 747 1213 iu
768 1157 799 1231 5.
821 1156 876 1214 Ad
891 1173 1030 1232 praeca·

60 1247 183 1306 venda.

124 1342 173 1400 Ad
196 1342 341 1410 tertium,
359 1341 591 1400 rescribendum
608 1342 772 1402 mandavit
788 1342 988 1403 affirmative.

126 1435 243 1493 Romae
275 1452 315 1494 ex
346 1436 484 1495 Aedibus
516 1435 733 1502 Quirinalibus
765 1434 815 1494 die
847 1437 923 1496 XVI
955 1435 1030 1496 Iulii

58 1526 136 1586 anni
160 1527 377 1588 MDGOXOIV.

528 1623 568 1682 F.
585 1623 626 1681 X.
645 1620 742 1683 Gard.
759 1625 798 1684 de
811 1625 840 1684 Z
841 1625 947 1684 elada.

465 1823 633 1880 mn.

372 1940 729 2002 RESPONSA

122 2100 272 2161 Diversis
293 2103 551 2178 quaestionibus,
569 2109 600 2162 et
613 2103 791 2178 facultates
805 2113 971 2164 concessae

387 2269 409 2312 A
424 2269 532 2314 SUMMO
546 2269 709 2313 rortmmcu

326 2415 434 2484 PIO
483 2417 512 2484 P
529 2416 564 2482 A
582 2415 608 2483 Ρ
623 2415 658 2482 Α
703 2417 767 2486 VI.

372 2589 432 2648 Die
453 2587 497 2647 26
518 2588 602 2648 Iulii
624 2586 720 2648 1794.

121 2749 270 2809 Purrrua
286 2751 316 2809 1.
331 2749 481 2809 Facultas
502 2748 682 2808 celebrandi
706 2748 830 2807 missam
853 2748 967 2824 absque
982 2746 1032 2806 al-

58 2841 138 2913 tari,
161 2842 276 2917 absque
299 2843 459 2914 ministro,
482 2845 515 2900 et
536 2843 650 2918 absque
672 2839 877 2900 ornamentis.
985 2898 987 2902 .

120 2935 163 2993 R.
188 2936 435 3007 Snucrrssruus,
463 2937 501 2993 de
529 2934 659 2994 consilio
687 2951 794 2993 sacrae
822 2933 1030 2993 cardinalium

57 3029 338 3106 congregationis,
361 3029 495 3089 attentis
517 3027 757 3087 luctuosissimis
783 3027 1030 3086 circumstantiis

13 3141 14 3144 ¹
58 3124 96 3181 de
118 3122 234 3198 quibus
255 3123 377 3200 agitur,
401 3123 532 3200 benigne
553 3122 707 3182 concessit
727 3121 908 3181 oratoribus
929 3120 1030 3180 lacul-

60 3221 158 3275 tatem
182 3216 362 3278 celebrandi
385 3218 497 3276 missae
517 3215 706 3277 sacrificium
729 3215 795 3274 sine
816 3214 973 3286 ministro,
998 3218 1032 3274 et

60 3329 154 3387 supra
176 3311 273 3371 altari
296 3311 454 3389 portatili.
481 3313 592 3371 lisdem
623 3315 787 3386 praeterea
807 3310 962 3368 concessit
983 3309 1032 3368 ia-

59 3405 212 3464 cultatem
235 3408 436 3468 consecrandi
458 3405 575 3466 altaria
600 3404 767 3481 portatilia
788 3421 857 3462 cum
879 3403 957 3462 oleis
983 3408 1032 3463 ta·

61 3516 128 3558 men
145 3501 187 3558 ab
203 3500 345 3577 episcopo
361 3501 546 3570 benedictis,
561 3503 595 3558 et
610 3496 809 3558 benedicendi
824 3497 1031 3556 sacerdotalia

59 3591 264 3669 indumenta,
289 3614 350 3654 uon
380 3601 484 3655 tamen
515 3593 695 3653 celebrandi
715 3593 748 3651 in
777 3591 888 3652 habitu
909 3591 1027 3652 laicali:
