2624 4260
644 242 681 256 -
702 208 763 271 248
783 242 821 256 ..

577 364 728 446 nanno
747 367 885 420 venio
926 358 927 363 ’
1015 353 1017 360 ’

475 502 671 574 ALTERA
693 498 978 574 INSTRUGTIO

292 645 334 704 R.
347 645 387 706 P.
401 645 441 706 D.
456 647 782 727 Pro-Vicecaerentis,
796 648 984 726 scapricris
994 639 1177 704 declaratio

573 763 669 822 caper
689 748 885 807 iuramento.

312 878 388 939 Cum
403 882 575 960 acceperim
597 884 713 944 multos
731 882 927 953 existimare,
943 879 1157 939 iuramentum
1172 869 1220 930 ci-

252 971 359 1032 vicum
387 971 462 1052 ipsis
488 976 595 1036 verbis
616 977 648 1035 in
668 976 904 1040 Constitutione
925 968 1132 1053 praescriptis
1154 982 1217 1024 non

251 1083 342 1143 posse
355 1085 395 1126 ae
416 1074 578 1146 praestare
600 1072 790 1130 solummodo
813 1087 905 1130 causa
927 1085 1012 1128 meae
1031 1061 1222 1126 instructio·

254 1159 315 1234 nis,
330 1179 422 1238 quam
437 1165 636 1227 considerant
651 1167 698 1226 uti
712 1166 889 1226 absolutum
906 1163 954 1223 sui
971 1157 1117 1239 Episcopi
1131 1171 1221 1214 man-

253 1256 381 1330 datum;
397 1257 521 1319 declaro
536 1261 729 1336 quaestionis
750 1259 963 1320 definitionem
980 1255 1147 1334 penderea
1164 1251 1220 1308 de-

251 1347 350 1409 cretis
375 1350 408 1410 S.
429 1352 530 1426 Sedia
553 1372 631 1430 quae
651 1356 787 1414 nondum
813 1351 1002 1413 senten-tiam
1024 1364 1111 1406 suam
1134 1341 1220 1402 sole-

251 1441 370 1502 mniter
391 1444 618 1506 manifestavit.
632 1447 748 1506 Deinde
769 1446 912 1517 declaro,
938 1461 986 1503 me
1008 1440 1145 1500 noluisse
1165 1434 1220 1494 ab·
1303 1479 1304 1492 ,

252 1535 355 1595 solute
380 1537 559 1615 praecipere
581 1543 637 1600 aut
658 1539 872 1616 praescribere
888 1535 1008 1597 unicam
1025 1534 1216 1613 formulam,
1303 1537 1304 1540 ’

251 1647 314 1707 qua
334 1630 402 1691 sola
422 1649 529 1690 omnes
545 1633 593 1693 uti
615 1635 758 1694 debeant:
776 1637 811 1694 at
831 1633 932 1692 solum
954 1629 1105 1710 sategisse
1127 1629 1219 1689 illam

251 1725 448 1786 concordiam
470 1744 660 1803 procurare,
683 1747 761 1805 quae
786 1726 914 1805 spiritui
941 1730 1066 1786 nostrae
1087 1727 1217 1784 sanctae

252 1819 418 1896 religionis
446 1823 522 1881 adeo
547 1823 714 1883 conformis
741 1827 802 1896 est,
826 1827 862 1882 ut
887 1840 993 1882 omnes
1024 1820 1088 1880 sint
1116 1821 1218 1879 anias

254 1913 335 1971 labii
355 1921 387 1974 et
407 1915 589 1976 sermonum
610 1919 794 1978 eorundem.
815 1917 1028 1995 Quapropter,
1051 1914 1218 1974 dummodo

252 2007 464 2086 unusquisque
492 2005 657 2088 promp‘tus
688 2011 731 2071 sit
757 2012 789 2070 in
822 2030 896 2072 cusu
925 2009 1073 2071 solemnis
1103 2005 1220 2066 deflui·

252 2100 349 2161 tionis
371 2101 498 2162 obedire
527 2103 662 2164 decretis
683 2105 716 2164 S.
732 2103 841 2173 Sedis3
865 2122 950 2166 suam
978 2103 1108 2164 interim
1131 2100 1218 2178 sequi

252 2196 373 2272 poterit
400 2197 590 2274 peculiarem
619 2201 826 2274 sententiam,
849 2199 924 2276 quin
951 2203 1053 2260 tamen
1081 2197 1218 2256 aliorum

253 2287 395 2365 opinioni
416 2295 521 2352 notam
537 2292 635 2352 ullam
657 2294 776 2354 inurat:
793 2298 886 2370 atque
903 2297 939 2353 ut
960 2291 1066 2352 verbis
1088 2287 1219 2350 utemur

253 2381 287 2442 S.
304 2379 397 2444 Pauli
419 2389 641 2463 unusquisque
663 2389 805 2449 abundet
828 2392 866 2448 ia
887 2407 982 2449 scaea
1004 2404 1071 2447 cao.

815 2481 967 2543 Octavios
987 2479 1075 2540 Boai

667 2579 930 2658 Archiepiscopus
950 2579 1170 2642 Nazianzenus

756 2675 1054 2753 Pro-Viccsgerens.

545 2851 934 3022 ΒΙΤΒΑζΙΤΙᾸΖΙΟΝΕ

415 3101 510 3163 Della
531 3105 668 3164 secoada
688 3104 875 3166 Istraaioae
895 3115 1052 3173 emanata
1132 3181 1133 3186 γ

498 3196 555 3254 dal
575 3197 615 3255 R.
631 3197 670 3256 P.
687 3195 727 3256 D,
750 3197 966 3275 Vicepereate.
1130 3193 1132 3202 ’

314 3319 398 3394 Dopo
419 3335 496 3379 aver
516 3319 578 3380 Noi
601 3319 744 3380 ricevuto
767 3319 818 3381 dal
832 3322 865 3382 S.
879 3323 981 3384 Padre
1003 3325 1027 3384 il
1047 3326 1152 3385 Breve
1167 3326 1218 3386 d'ei

255 3411 293 3472 16
314 3413 454 3474 Gennaio
475 3414 669 3474 coll’ordine
690 3415 722 3474 di
743 3415 809 3476 fare
831 3418 868 3477 ad
891 3435 1015 3494 ognuuo
1036 3425 1112 3479 nota
1132 3419 1166 3478 la
1187 3419 1219 3478 di

252 3503 314 3564 Lui
334 3506 502 3581 decisione,
525 3507 554 3567 ci
574 3507 729 3568 crediamo
751 3509 783 3567 in
805 3509 927 3588 preciso
944 3513 1059 3572 dovere
1082 3512 1114 3571 di
1136 3516 1219 3574 tras·
