2606 4268
676 259 855 319 -150-

693 439 831 497 ωτι.

645 560 888 631 RESPONSA

426 733 538 780 nuans
555 734 748 788 ruorosrms
764 737 787 782 Δ
803 734 929 783 rossum
945 733 1106 781 sarulsra

405 901 562 965 Dioecesis
582 903 821 965 Acmonensis
840 905 1128 964 Administrctore.

346 1089 567 1151 Sanctissimus
587 1091 735 1152 Dominus
748 1093 865 1153 Noster
879 1092 966 1165 Pius,
981 1089 1097 1150 Divina
1123 1089 1247 1149 Provi-

287 1181 393 1243 dentia
413 1185 499 1260 Papa
517 1183 571 1258 VI,
596 1187 632 1243 de
654 1184 792 1260 Concilio
815 1185 949 1244 selectae
971 1181 1244 1260 Congregationis,

287 1279 325 1337 ad
353 1275 478 1356 singula
505 1296 583 1354 quae
612 1282 828 1356 proponuntur
857 1278 969 1351 dubia,
997 1275 1246 1353 respondendum

286 1371 450 1430 mandevit
471 1373 506 1430 ut
527 1371 681 1448 sequitur.

346 1463 487 1523 Dubium
506 1468 660 1542 primum.
684 1466 867 1526 Sacerdotes
888 1465 1026 1542 quidam,
1048 1461 1244 1522 absolutione

287 1559 495 1636 suspensionis
510 1564 637 1637 accepta
657 1565 728 1637 post
742 1559 836 1620 civici
850 1559 1020 1620 iuramenti
1041 1555 1246 1617 retractatio-

286 1672 369 1726 nem,
379 1654 416 1712 ad
428 1652 562 1728 primum
577 1654 731 1712 vomitum
747 1654 861 1713 timore
873 1652 1009 1731 perculsi
1023 1648 1144 1710 reversi
1159 1650 1245 1718 sunt,

287 1765 347 1806 non
369 1745 492 1822 quidem
508 1746 718 1825 iuramentum
730 1749 829 1807 denuo
849 1746 1027 1806 formaliter
1040 1743 1241 1821 praestando,

287 1841 339 1898 sed
360 1857 447 1898 suam
468 1840 728 1900 retractationem
757 1839 888 1900 iuridice
911 1839 1089 1915 denegando
1110 1838 1167 1896 aut
1188 1851 1244 1892 re-

286 1935 434 1994 vocando.
448 1934 619 2001 Quaeritur
633 1937 740 1993 utrum
754 1935 813 1993 hoc
827 1934 909 1993 facto
923 1935 1028 1994 eadem
1044 1932 1246 2008 suspensione

285 2025 403 2085 iterum
426 2028 626 2102 innodentur,
650 2031 683 2087 et
704 2039 785 2088 nova
806 2028 925 2087 Summi
946 2024 1109 2086 Pontificis
1128 2025 1246 2102 egeant

286 2121 493 2180 absolutione.

345 2217 393 2275 Ad
416 2214 552 2291 primum
573 2193 700 2274 dubium
720 2216 929 2292 Responsum.
960 2211 1168 2274 Affirmative

233 2367 235 2372 .
346 2309 487 2368 Dubium
508 2310 693 2370 secuudum.
709 2308 895 2386 Presbyteri
910 2308 974 2385 qui,
997 2306 1156 2366 saeviente
1172 2321 1264 2382 perr

284 2389 467 2472 secutione,
489 2402 527 2460 ob
555 2385 671 2460 metum
697 2420 826 2479 gravem
847 2403 1085 2488 presbyteratus
1113 2399 1245 2459 litteras

284 2494 487 2556 tradiderunt
507 2481 786 2582 persecutoribus
778 2513 862 2572 lpsas
890 2499 961 2572 post
948 2493 1153 2573 tulantibus'
1144 2511 1178 2551 ru
1203 2491 1247 2550 si·

234 2579 236 2587 ’
286 2607 380 2666 gnum
402 2575 644 2649 renuntiationis
665 2589 788 2652 Ordini
796 2591 996 2662 sacerdotali,
1019 2569 1175 2648 debentne
1190 2588 1248 2646 ha·

285 2685 354 2744 beri
375 2686 533 2761 tamquam
554 2687 727 2761 apostatae,
753 2687 787 2743 et
807 2684 918 2744 iisdem
944 2683 1049 2760 poenis
1071 2679 1201 2759 puniri?

346 2779 393 2840 Ad
422 2779 589 2838 secundum
618 2778 744 2838 dubium
766 2778 975 2854 Responsum.
993 2775 1110 2836 Haberi
1132 2775 1245 2834 debere

285 2872 444 2948 tamquam
473 2865 631 2948 apostatas
645 2872 696 2946 ⁴ab
717 2871 832 2930 Ordine
853 2873 887 2930 et
907 2889 932 2930 a
947 2871 1111 2948 Religione
1132 2869 1248 2930 Getho-

284 2964 359 3036 lica,
375 2968 408 3024 et
429 2965 460 3023 in
483 2983 628 3026 censuras
649 2965 813 3025 incurrere
827 2983 846 3024 a
860 2965 956 3025 sacris
977 2963 1145 3024 canonibus
1161 2960 1246 3020 infli-

286 3059 353 3116 ctas
380 3061 491 3117 contra
521 3059 680 3134 apostatas
702 3059 740 3119 ab
763 3059 879 3119 Ordine
901 3062 934 3118 et
954 3077 974 3118 a
997 3057 1168 3134 Religione
1192 3057 1246 3117 Ga·

286 3147 414 3208 thelica.

346 3241 487 3302 Dubium
499 3245 643 3302 tertium.
657 3243 825 3304 Saeviente
839 3246 945 3304 eadem
961 3245 1179 3321 persecutione
1194 3243 1247 3302 ad·

287 3352 397 3394 versus
409 3335 621 3412 presbyteros,
634 3337 696 3395 suis
707 3336 918 3397 functionibus
936 3337 1181 3414 parochialibus,
1194 3333 1244 3394 scd

286 3447 347 3488 non
362 3428 605 3488 sacerdotalibus
627 3430 826 3490 renunciavit
852 3432 1010 3490 Parochus
1037 3429 1189 3506 quidam,
1213 3428 1242 3487 id

287 3522 483 3602 exigentibus
497 3523 748 3600 persecutoribus
768 3522 798 3582 in
813 3523 917 3584 odium
938 3523 1129 3601 Religionis,
1142 3527 1176 3583 et
1190 3537 1242 3599 pro
