2606 4268
44 423 204 482 vembris
219 421 1020 497 0000179011)1010000001111011,οη000100000

43 517 211 590 prioribus
232 513 369 576 Litteris
392 517 447 575 SS.
474 519 509 576 D.
533 517 573 576 N.
600 517 635 574 Ρ.
661 515 839 574 monitoriis
866 517 922 574 sub
943 517 1018 578 data

48 608 86 666 13
111 607 224 684 aprilis
249 609 336 670 1791.
362 610 534 669 Subiacent
559 627 597 668 ne
619 625 769 668 censurae
796 626 851 686 per
873 609 928 668 has
948 608 1019 669 Lit-

46 704 133 760 teras
153 701 264 762 101001
382 699 384 710 “

108 795 280 857 Dubitandi
301 815 412 858 causae
426 817 480 858 eae
497 803 581 858 sunt:
600 799 628 857 l.
639 798 797 874 praefatas
812 797 954 858 Litteras
965 815 1018 858 eos

47 889 148 948 solum
165 889 261 948 ferire
273 909 406 952 censura
416 893 467 968 qni
485 891 652 952 antediem
668 895 761 952 datae
773 891 916 963 illarum,
930 909 1018 967 prae·

48 983 169 1044 dictum
193 987 260 1042 iam
289 987 466 1045 emiserunt
495 981 718 1058 iuramentum.
742 986 901 1061 Quotquot
921 987 1017 1058 sunt,

46 1077 219 1154 inquiunt,
242 1079 294 1154 qui
316 1080 450 1138 civicum
474 1081 684 1140 iuramentum
716 1098 793 1156 pure
816 1083 848 1138 et
870 1078 1020 1154 simplici·

47 1178 99 1231 ter
121 1185 184 1232 etc.
208 1175 383 1232 emiserunt
405 1179 465 1234 etc.
490 1176 587 1248 (hacc
609 1173 673 1233 alia
695 1175 814 1244 verba,
836 1175 1020 1233 001000100-

44 1267 140 1336 rint,
165 1265 256 1324 litem
278 1285 423 1339 omnem,
447 1267 473 1326 si
496 1268 630 1340 fuissent
658 1265 786 1338 addita,
810 1263 1017 1340 solvissent):

46 1377 118 1417 nam
142 1377 294 1418 censurae
316 1363 433 1420 cadunt
448 1360 478 1418 in
502 1378 655 1436 personas
677 1378 735 1418 non
759 1359 789 1418 in
806 1359 932 1418 delicta:
950 1358 1021 1417 ideo

45 1470 202 1528 personae
217 1453 248 1510 in
273 1459 363 1512 textu
394 1454 485 1531 legis,
502 1455 587 1514 clare
610 1459 643 1512 et
665 1452 871 1513 determinate
893 1453 949 1510 sub
971 1469 1021 1510 re·

46 1554 160 1623 spectu
184 1549 312 1624 proprio
328 1549 537 1625 designandae
553 1553 639 1618 sunt;
655 1552 688 1606 et
704 1548 735 1606 in
752 1550 838 1608 dicta
856 1547 924 1623 lege
940 1544 1021 1604 desi·

46 1649 194 1718 guantur
223 1661 373 1720 personae
404 1649 525 1704 tanturn
555 1643 729 1719 culpabiles
751 1648 843 1715 aute,
868 1661 925 1700 non
949 1643 1020 1716 post

45 1743 174 1812 tempus
186 1755 246 1813 qno
262 1737 315 1794 lex
333 1738 399 1796 lata
413 1739 485 1796 luit.
501 1739 532 1798 2.
550 1739 582 1796 10
602 1737 797 1813 poena-libus,
813 1742 848 1795 ut
862 1740 936 1794 sunt
949 1753 1025 1792 cenw

44 1848 156 1900 serrae,
179 1831 294 1890 stricta
316 1833 409 1889 debet
424 1831 648 1908 interpretatio
670 1831 753 1901 fieri,
772 1849 826 1888 nec
846 1830 885 1890 ab
905 1847 965 1888 0οο
980 1827 1019 1886 ad

45 1925 138 1984 aliud
164 1925 250 1983 valet
270 1924 384 1984 illatio:
404 1927 482 1984 unde
505 1925 547 1997 ii,
570 1925 621 2000 qui
645 1932 717 2001 post
731 1928 835 1984 datam
858 1923 1012 1984 dictarum

44 2018 234 2075 litterarum
264 2019 476 2092 praelatarum
506 2019 681 2076 emiserunt
703 2017 926 2088 iuramentum,
943 2017 1017 2074 sub-

45 2109 155 2169 iacere
177 2129 237 2168 non
261 2111 411 2175 videntur
439 2111 501 2186 legi
525 2113 677 2170 adversus
703 2110 875 2186 culpabiles
906 2108 1014 2168 delicti

46 2205 220 2282 praeteriti
244 2204 340 2273 latae,
358 2223 416 2261 non
440 2211 551 2262 contra
571 2203 684 2262 futuri.

111 2301 143 2358 2.
169 2299 356 2367 Sacerdotes
385 2297 441 2356 sub
463 2299 537 2356 data
558 2295 621 2354 diei
653 2297 689 2354 13
717 2295 829 2371 aprilis
852 2295 926 2356 1791
950 2295 1013 2354 iam

45 2393 186 2452 civicum
198 2392 304 2450 verbis
315 2391 483 2451 ediderunt
495 2393 706 2451 iuramentum
718 2409 784 2450 cum
800 2388 949 2449 clausulis
964 2407 1017 2465 op-

47 2486 217 2562 portunis3
233 2489 267 2544 et
290 2489 398 2560 postea
419 2485 511 2543 iactis
534 2485 748 2561 impleverunt
768 2486 847 2558 quod
870 2489 1016 2541 exactum

47 2581 158 2640 iuerat
180 2597 257 2655 puro
280 2565 312 2638 et
334 2579 468 2653 simplici
491 2579 687 2649 iuramento,
704 2577 827 2636 scilieet
848 2577 1023 2634 adhaeren-

47 2681 98 2734 tes
113 2675 264 2734 Praelato
281 2675 425 2743 intruso,
442 2673 530 2732 illius
545 2672 733 2748 recipientes
749 2673 908 2742 mandata,
924 2673 1024 2744 atque-

45 2769 310 2846 dispensationes‚
328 2772 360 2826 01
382 2767 549 2827 offerentes
564 2766 592 2824 01
609 2747 759 2843 parvulos
775 2784 830 2842 pro
845 2763 1016 2836 suscipien-

45 2865 84 2921 do
107 2863 149 2921 ab
170 2879 206 2919 eo
228 2860 477 2918 confirmationis
503 2862 709 2918 Sacrarnento
732 2866 792 2918 etc.
818 2860 919 2926 Haec,
941 2859 1015 2916 actu

46 2974 115 3015 curn
142 2955 209 3012 sint
229 2955 407 3029 posteriora
428 2958 521 3012 datae
545 2952 728 3012 litterarum
752 2950 1016 3027 apostolicarum,

48 3051 180 3108 dubium
204 3047 289 3106 aliud
313 3047 485 3117 incutiunt3
505 3051 610 3104 utrum
633 3045 785 3106 videlicet
806 3044 836 3103 hi
851 3044 1025 3119 Presbyte-

46 3147 72 3201 ri
96 3145 287 3203 subiaeeant
308 3160 457 3202 censurae
475 3149 625 3200 adversus
647 3160 699 3200 eos
721 3148 844 3200 tantum
867 3141 951 3198 10100
966 3141 1020 3216 qui

49 3244 122 3297 ante
140 3239 221 3296 hanc
237 3236 400 3311 epocham,
418 3254 495 3312 pure
511 3245 545 3293 et
560 3233 749 3310 simpliciter
772 3233 907 3292 civicum
927 3233 1026 3292 remi·-

49 3335 161 3390 seruut
184 3331 410 3388 iuramentum.

107 3427 139 3484 3.
157 3421 348 3498 Presbyteri
371 3421 581 3480 iuramentum
606 3438 721 3480 novum
743 3421 908 3492 dederunt,
923 3418 1023 3494 impe·
1070 3469 1071 3472 ,

108 3633 144 3687 (1)
163 3627 226 3677 vid.
244 3627 307 3674 tom.
323 3629 344 3674 1.
362 3627 390 3673 in
406 3625 522 3685 Append.
539 3637 596 3684 pag.
613 3625 670 3672 415.
