2606 4268
279 413 385 471 ratum
417 425 521 467 mense
556 408 719 467 novembri
752 409 828 470 1791
863 410 1025 486 postquam
1057 405 1250 468 constitutio

280 504 358 565 cleri
379 508 524 564 extracta
552 502 615 562 fuit
635 522 653 563 a
674 521 804 580 corpore
830 502 1066 563 constitutionis
1088 502 1251 579 generalis

224 627 228 636 =
280 600 383 677 regni,
406 602 440 658 et
460 598 564 658 relata
585 598 616 656 in
638 597 748 657 (lodice
763 598 868 675 legum
891 597 999 675 vigore
1016 601 1106 658 actus
1127 598 1251 656 consti-

282 693 481 753 tutionalisa
502 710 575 768 rege
591 691 710 768 accepti
725 693 759 750 et
778 691 957 750 confirmati
979 709 1085 749 menso
1107 695 1250 767 septem-

281 787 433 846 brianno
457 787 545 847 1791.
562 787 747 860 Quaeritur,
769 804 808 846 an
831 784 885 844 isti
908 785 1094 862 Presbyteri
1118 791 1250 844 tenean-

282 885 336 941 tur
357 880 420 958 legi
442 885 536 942 antea
557 879 641 939 latae
662 884 773 940 contra
801 897 913 957 purum
935 880 1147 940 iuramentum
1172 878 1251 938 civi-

175 1047 179 1058 .
282 992 351 1034 cum
373 975 410 1032 de
433 975 628 1033 observanda
648 976 682 1032 et
710 974 826 1034 tuenda
847 974 989 1051 generali
1016 973 1109 1050 regni
1130 971 1251 1032 consti-

282 1069 417 1130 tutione.

342 1165 436 1225 Ratio
449 1163 621 1223 affirmandi
637 1163 702 1240 peti
723 1165 828 1239 posset
846 1181 866 1222 a
880 1162 1057 1222 substantia
1074 1160 1249 1222 iuramenti
1286 1203 1287 1240 3

281 1259 362 1334 quod
385 1257 467 1316 idem
489 1261 595 1316 manet
616 1256 648 1314 in
664 1259 798 1331 utroque
819 1272 904 1327 casu,
920 1259 954 1314 et
974 1273 1070 1331 aeque
1089 1255 1196 1313 tendit
1210 1256 1247 1313 ad

281 1352 503 1429 acceptandam
532 1353 566 1409 et
591 1351 739 1410 tuendam
772 1348 852 1408 cleri
880 1348 1164 1418 constitutionem,
1189 1367 1246 1406 non

281 1445 405 1522 quidem
429 1450 465 1504 ut
496 1445 670 1521 portionem
699 1443 937 1502 constitutionis
959 1441 1118 1519 generalis
1144 1441 1247 1518 regni,

282 1557 392 1598 verum
417 1541 452 1597 ut
474 1538 575 1614 legem
598 1537 630 1594 iu
653 1555 685 1595 se
706 1536 941 1596 subsistentem.
1287 1609 1288 1616 ἵ

342 1632 492 1700 Rationes
514 1648 591 1689 vero
613 1631 779 1690 dubitandi
800 1632 884 1689 sunt:
904 1631 930 1688 l.
948 1647 1038 1688 exeo
1059 1631 1138 1706 quod
1162 1628 1247 1688 istud

281 1728 493 1786 iuramentum
516 1724 559 1782 sit
581 1723 769 1799 praestitum
793 1727 862 1800 post
883 1725 989 1782 datam
1007 1724 1044 1782 13
1059 1723 1172 1799 aprilis
1195 1723 1249 1782 lit-

281 1825 423 1881 terarum
445 1818 701 1894 apostolicarum.
726 1818 756 1877 2.
779 1819 866 1884 Quod
890 1817 1029 1878 formula
1049 1817 1143 1876 istius
1166 1819 1249 1876 iura

281 1915 397 1986 menti,
415 1917 523 1990 utpote
547 1930 604 1970 non
626 1911 774 1988 cognita,
798 1931 858 1970 non
882 1913 986 1988 potuit
1007 1929 1076 1971 esse
1097 1912 1130 1970 in
1154 1915 1243 1971 textu

281 2008 363 2085 legis
384 2008 468 2066 latae
490 2007 546 2066 sub
567 2007 643 2066 data
664 2011 835 2066 memorata
858 2007 895 2065 13
917 2007 1029 2082 aprilis
1050 2010 1113 2066 etc.
1287 2069 1288 2082 ,

342 2102 568 2162 Snucmssuuus
588 2105 649 2158 eto.
664 2103 707 2159 De
726 2100 858 2158 consilio
877 2099 1012 2159 selectae
1031 2099 1244 2160 Cardinalium
1287 2085 1288 2108 ¹

280 2195 542 2272 Congregationis
562 2196 600 2253 ad
617 2194 682 2253 tria
695 2212 774 2270 quae
790 2198 1008 2270 proponuntur
1022 2194 1116 2254 dubia
1131 2193 1245 2254 rescri-

281 2291 414 2348 bendum
437 2287 611 2358 mandavit,
629 2291 664 2346 ut
686 2288 840 2363 sequitur.

340 2384 388 2444 Ad
409 2385 564 2458 primum:
580 2381 828 2454 Ecclesiasticos‚
851 2383 904 2458 qui
925 2400 1021 2458 pure,
1044 2385 1077 2441 et
1098 2381 1246 2458 simplici·

282 2479 333 2535 ter
353 2475 565 2535 iuramentum
587 2474 722 2534 civicum
744 2477 993 2552 praestiterunt,
1018 2481 1087 2552 post
1109 2477 1246 2552 publica·
1288 2499 1289 2504 ¹

281 2574 332 2630 tas
359 2569 498 2628 eiusdem
527 2568 714 2628 Sanctitatis
736 2571 817 2629 Suae
838 2571 966 2630 litteras
991 2570 1053 2628 diei
1076 2570 1114 2629 13
1134 2568 1246 2646 aprilis

280 2663 356 2724 anni
379 2663 477 2733 1791,
500 2666 587 2721 certo
609 2663 728 2722 certius
758 2664 918 2724 subiacere
946 2681 1095 2724 censurae
1117 2681 1246 2740 suspen·

281 2757 378 2816 sionis
400 2757 483 2816 latae
499 2756 530 2816 in
553 2755 768 2832 praelaudatis
789 2759 972 2834 apostolicis
991 2757 1133 2830 litteris3
1157 2758 1245 2832 idque

281 2850 388 2927 colligi
403 2855 469 2909 tum
485 2867 525 2909 ex
539 2849 664 2927 integro
677 2855 828 2910 contextu
841 2853 1052 2928 praefatarum
1065 2851 1248 2927 apostolica·

281 2963 350 3004 rum
373 2945 576 3017 litterarum,
597 2949 663 3003 tum
686 2963 725 3002 ex
746 2945 958 3006 declaratione
979 2948 1018 3008 ab
1039 2947 1147 3006 eadem
1172 2947 1246 3004 San-

281 3038 396 3096 ctitate
418 3040 481 3096 Sua
503 3037 588 3095 facta
608 3039 639 3094 in
664 3038 846 3114 apostolicis
875 3040 995 3100 litteris
1024 3040 1086 3099 diei
1108 3041 1149 3100 23
1169 3039 1246 3097 eius·

281 3132 350 3189 dem
373 3131 499 3203 mensis,
516 3130 648 3201 stanni,
665 3149 735 3189 cum
757 3133 950 3210 praedictam
966 3151 1095 3210 poenam
1118 3152 1246 3210 suspeu-

282 3223 378 3282 sionis
391 3223 537 3283 extendit
552 3227 589 3284 ad
606 3223 678 3283 illos
690 3243 795 3285 omnes
807 3229 1046 3288 Ecclesiasticos
1060 3229 1244 3300 AvenioniS,

281 3322 317 3375 et
336 3315 506 3376 comitatus
531 3317 711 3390 Venaisini,
734 3320 788 3395 qui
810 3319 1013 3380 iureiurando
1035 3319 1193 3396 amplexi,
1216 3322 1246 3379 et

285 3407 425 3468 exsecuti
448 3411 534 3482 sunt,
555 3414 606 3470 vel
620 3429 776 3487 umquam
798 3415 1085 3489 amplecterentur,
1102 3421 1134 3472 ct
1158 3430 1246 3472 eecce·

282 3513 464 3580 querentur
486 3503 611 3561 civilem
634 3505 711 3564 cleri
735 3507 1004 3566 constitutionem.

339 3599 387 3657 Ad
417 3599 612 3659 secundum:
634 3600 872 3662 Ecclesiasticos
895 3604 933 3662 do
959 3603 1070 3680 quibus
1100 3603 1132 3661 in
1162 3601 1245 3663 dubii
