2582 4270
462 310 620 368 ..31-

115 419 160 476 At
175 417 226 475 hio
241 417 377 492 quidam,
394 421 430 478 nt
444 417 666 490 inaudivimus,
683 419 754 478 huic
768 419 921 479 Ludovioi
936 437 1021 479 mar-

59 511 143 586 tyrio
166 511 292 570 obstare
314 511 514 585 existimant,
533 513 614 590 quod
637 512 693 572 ille
715 513 939 590 approbaverit
953 531 1024 571 oon·

59 606 258 668 stitutionem
280 627 299 669 a
319 609 415 672 Nobis
429 611 493 670 iam
508 608 726 688 refutatam-in
740 610 885 686 superius
906 627 1025 668 memo-

58 705 128 762 rata
149 705 178 764 N
181 707 269 764 ostra
283 705 320 765 ad
333 705 500 782 Episcopos
515 706 729 782 responsione.
746 708 864 767 Verum
880 705 1023 764 nonnulli

58 797 258 878 arbitrantur
280 815 347 856 rem
370 816 457 858 secus
472 818 505 858 se
524 800 650 872 habere,
666 803 759 876 atque
779 803 936 872 asserunt,
952 814 1023 858 cum

58 889 202 950 exhibita
215 892 297 968 Regi
318 891 442 964 fuisset,
458 891 509 950 cui
529 911 640 952 nomen
663 892 886 964 subscriberet,
909 892 1023 950 cousti-

58 987 163 1059 tutio,
188 986 323 1048 haesisse
344 986 446 1062 ipsum
472 985 736 1063 cogitabundum,
759 1004 794 1044 ac
826 984 1021 1044 subscribere

57 1097 228 1152 recusasse,
251 1082 332 1156 quod
355 1081 497 1152 timeret,
519 1099 559 1138 ne
580 1079 698 1138 sactum
720 1080 751 1138 id
774 1097 864 1138 suum
886 1077 1021 1138 rimba-

57 1172 147 1234 beret
175 1173 421 1250 approbationis
446 1173 506 1233 Sed
536 1192 606 1232 oum
637 1173 666 1232 ei
698 1172 871 1248 repositum
899 1176 1022 1230 esseta

56 1267 187 1343 quodam
202 1282 242 1326 ex
256 1267 454 1328 administris
469 1267 569 1346 (cuius
588 1268 684 1327 etiam
707 1285 817 1325 nomen
839 1265 1019 1338 enunciant,

56 1361 167 1436 cuique
188 1361 305 1420 fidebat
326 1365 396 1422 Rex
417 1363 613 1441 plurimum),
637 1380 696 1420 nou
712 1359 799 1420 aliud
815 1359 872 1418 illa
886 1357 1021 1418 subscri·

56 1453 161 1529 ptione
184 1453 396 1530 significatum
415 1441 471 1528 iri,
494 1473 586 1532 quam
607 1453 792 1526 veridicum,
813 1470 867 1511 seu
889 1451 1022 1510 authen·

55 1547 154 1606 ticum
175 1565 242 1606 esse
264 1547 502 1608 constitutionis
523 1548 695 1624 scriptum,
718 1566 756 1606 ne
776 1548 854 1620 Nos,
877 1545 914 1603 ad
944 1562 1020 1621 quos
1045 1557 1047 1562 ’

55 1639 336 1700 transmittendum
358 1641 396 1698 ab
418 1643 484 1717 ipso
507 1644 601 1714 erat,
624 1639 820 1717 suppositum
850 1639 931 1698 illud
954 1657 1020 1700 esse

54 1733 230 1793 ullomodo
252 1731 405 1809 suspicari
426 1752 597 1810 possemus,
619 1734 711 1794 facile
733 1735 868 1810 simplici
890 1735 960 1806 hac,
984 1737 1021 1794 ut

53 1831 197 1904 apparet,
214 1829 337 1888 ratione
351 1827 496 1887 inductus
511 1827 573 1887 fuit
587 1830 625 1888 ad
641 1827 909 1900 subscribendum,
926 1828 1020 1906 idque

52 1923 87 1980 in
110 1921 264 1998 supremis
279 1920 343 1980 suis
359 1919 476 1980 tabulis
490 1921 606 1993 innuit,
629 1939 699 1980 cum
713 1922 844 1993 diceret,
861 1941 893 1981 se
909 1927 1020 1982 contra

52 2016 220 2092 proprium
253 2018 364 2074 votum
396 2015 636 2092 subscripsisse:
660 2021 693 2075 et
722 2033 836 2075 revera
864 2017 931 2092 ipse
959 2017 1019 2076 sibi

51 2111 183 2169 minime
198 2127 383 2186 congruere,
401 2110 553 2186 planeque
567 2129 706 2186 pugnare
722 2129 824 2170 secum
840 2109 1017 2184 videretur,

51 2205 81 2265 si
102 2206 183 2281 quod
205 2199 368 2263 exanimo
390 2205 637 2280 approbaverat,
661 2207 846 2264 constanter
873 2205 1017 2282 deinceps

51 2297 264 2373 reprobasset,
280 2313 349 2355 cum
372 2295 494 2356 scilicet
509 2295 705 2356 subscribere
720 2296 867 2356 noluerit·
877 2298 1016 2370 decreto,

51 2409 113 2466 quo
135 2388 315 2466 presbyteri
338 2388 471 2449 iniurati
495 2390 527 2448 in
549 2389 696 2449 exsilium
718 2390 942 2463 mittebantur,
964 2409 1018 2449 ne-

49 2503 111 2560 que
124 2483 202 2542 item
214 2483 246 2540 iu
258 2483 379 2542 litteris
394 2484 432 2542 ad
447 2485 726 2544 Olaromontauum
741 2483 919 2560 episcopum
936 2484 1018 2563 datis

49 2597 85 2636 se
107 2576 297 2636 catholicum
330 2577 363 2636 iu
397 2577 503 2638 Gallia
534 2579 654 2638 cultum
684 2579 904 2655 redintegrare
933 2577 1017 2638 velle

48 2671 256 2731 declarasset.
281 2671 341 2730 Sed
363 2673 530 2748 utcumque
553 2672 634 2732 illud
654 2671 753 2731 tuerit
775 2673 848 2749 (non
867 2671 951 2730 enim
965 2671 1017 2731 hic

48 2765 221 2842 quidquam
242 2765 275 2823 in
290 2766 360 2826 ¹Nos
381 2763 586 2843 recipimus),
610 2783 645 2824 ac
667 2768 703 2824 ut
727 2764 1017 2842 etiam}seduotum

47 2859 103 2918 vel
119 2858 219 2920 animi
229 2857 376 2933 levitate,
389 2861 441 2920 vel
452 2877 560 2920 errore
573 2859 678 2935 aliquo
690 2858 883 2918 Ludovicum
898 2858 931 2917 in
947 2858 1017 2917 sub·

49 2951 215 3010 scribendo
230 2953 415 3028 approbasse
434 2953 656 3024 concedamus,
678 2967 751 3017 num
774 2949 883 3010 statim
898 2949 1016 3026 idcirco

46 3047 171 3106 Nostra
192 3045 255 3103 crit
276 3045 313 3103 de
335 3044 401 3104 eius
421 3043 578 3122 martyrio
601 3043 754 3104 varianda
775 3042 897 3118 opiniot
918 3045 1017 3104 Vetat

46 3138 149 3200 Nobis
171 3141 259 3197 certa
281 3137 338 3197 illa
352 3155 387 3197 ac
403 3139 561 3210 solemnis,
579 3155 657 3214 quae
673 3137 838 3197 subsecuta
851 3141 902 3198 est
916 3138 1017 3216 Regia

47 3225 253 3314 retractatio,¹
278 3249 313 3290 ao
333 3249 417 3290 mors
439 3231 518 3309 ipsa,
535 3249 628 3308 quam
650 3231 794 3307 superius
816 3233 1015 3292 demonstra-

46 3326 155 3384 vimus
169 3324 294 3382 illatam
306 3323 366 3400 ipsi
377 3323 471 3384 fuisse
483 3324 514 3382 in
528 3324 633 3383 odium
646 3324 819 3386 catholicae
834 3324 1012 3401 religionis,

46 3422 84 3478 ut
106 3417 225 3477 idcirco
254 3417 422 3494 quidquam
449 3416 562 3476 honori
584 3417 682 3494 ipsius
710 3418 861 3495 martyrii
890 3419 1015 3479 detrahi
1059 3403 1061 3412 ¹

46 3527 138 3586 posse
170 3509 352 3586 perdifficile
383 3511 474 3588 plane
504 3510 663 3570 videatur.
695 3510 950 3587 Quandoquidem
980 3511 1014 3570 in

47 3604 78 3663 S.
97 3603 273 3681 cypriano,
288 3603 342 3681 qui
361 3604 397 3664 de
412 3603 567 3682 baptismo
583 3604 813 3666 haereticorum
829 3604 929 3667 aliter
943 3623 1015 3666 sen-
