2606 4268
491 285 529 298 -
551 253 591 314 89
613 285 652 298 -
757 271 760 278 ·

87 359 190 420 sicues
208 359 353 437 excipere
375 360 504 422 valeant
519 345 660 438 praefixo
673 364 825 434 tempore,
842 357 951 418 fideles
974 357 1057 418 utri·

88 471 185 531 usque
206 471 300 514 sexus
320 454 459 515 eiusdem
473 456 565 534 regni
587 451 801 533 indulgentias
823 452 971 528 consequi
993 469 1062 530 pos·

87 547 154 608 sint
176 551 243 607 tum
264 549 305 608 ab
324 550 432 608 eadem
462 549 639 610 Sanctitate
661 551 743 620 Sua,
771 547 839 604 tum
861 563 881 605 a
909 547 1061 607 Romanis

89 641 296 702 Pontificibus
317 643 608 720 praedecessoribus
628 656 806 711 concessas,
830 638 1061 702 Sacramentali

87 735 289 797 Confessione
314 754 373 796 uon
399 738 591 814 praemissa,
613 739 703 798 modo
727 741 831 798 actum
861 734 1062 796 contritionis

87 829 242 902 eliciant,
267 847 338 889 cum
359 831 520 909 proposito
541 827 710 893 confitendi
738 831 968 910 quamprimum
989 828 1061 889 fleri

86 923 220 1001 poterit.

150 1019 231 1077 Item
252 1019 359 1080 eadem
380 1019 541 1079 Sanctitas
562 1020 626 1078 Sua
639 1019 772 1097 benigne
794 1019 955 1097 indulget,
972 1021 1009 1078 ut
1022 1017 1063 1076 ii-

87 1111 160 1170 dem
184 1110 293 1171 fideles
310 1115 440 1189 propter
467 1113 676 1173 deficientiam
698 1113 929 1186 Ecclesiarum,
956 1111 1063 1172 indul·

88 1205 217 1282 gentius
237 1206 385 1283 consequi
406 1207 547 1279 valeant,
563 1225 669 1285 preces
682 1226 701 1267 a
716 1207 893 1267 Sanctitate
912 1208 987 1278 Sua,
1003 1207 1061 1265 aut

86 1317 108 1358 a
129 1300 420 1376 praedecessoribus
441 1300 506 1359 suis
528 1301 739 1378 praescriptas
761 1301 933 1362 recitantes
955 1300 1061 1377 priva-

87 1392 133 1452 tis
154 1393 188 1452 in
211 1393 352 1453 domibus
373 1395 411 1452 ad
434 1393 537 1453 instar
558 1395 777 1456 Oratoriorum
799 1395 946 1455 decenter
967 1395 1061 1454 reda·

86 1486 165 1560 ctis,
179 1486 213 1545 in
234 1487 346 1563 quibus
366 1485 514 1546 catholici
535 1493 694 1564 coguntur
714 1504 804 1548 sacra
823 1487 939 1548 facere.

148 1653 199 1712 Ex
213 1651 341 1712 aedibus
352 1649 515 1710 Vaticanis
523 1651 597 1712 diei
608 1650 729 1727 Aprilis
740 1669 822 1712 auno
839 1650 1057 1714 Muuuxcrv.

524 1771 564 1831 F.
578 1773 620 1830 X.
636 1772 757 1832 clun.
772 1773 824 1832 Dii
845 1773 1018 1832 ZELADA.

523 1953 669 2010 lxlv.

258 2075 469 2119 urnscrrssruc
484 2075 517 2117 m
531 2075 662 2118 cnsrsro
676 2075 759 2118 rinno
771 2075 896 2120 nesrac

374 2201 537 2262 GAROLO
559 2199 779 2260 THEODORO

89 2359 179 2423 Duce·
190 2359 369 2432 Bacurius,
385 2369 416 2422 et
427 2359 634 2421 Sulrbuccnsi
645 2357 765 2418 Comici
778 2359 937 2418 Palatino
951 2357 1061 2418 Rheni

234 2465 236 2472 ’
342 2454 377 2516 S.
392 2455 434 2514 R.
449 2453 479 2514 I.
496 2455 652 2530 Principi
668 2452 815 2513 Electori

266 2606 878 2720 rruspnrnvn

134 2806 372 2866 Dilectissimo
392 2805 431 2862 in
452 2805 590 2862 christo
610 2803 681 2860 Pili
701 2804 848 2866 Noster,
864 2801 1015 2857 salutem

227 2909 228 2912 ’
275 2903 311 2958 et
330 2899 568 2969 Apostolicam
589 2895 886 2955 Benedictlcnem.
963 2899 966 2908 ’

156 3079 248 3141 Nihil
270 3095 386 3137 uorum
398 3076 497 3138 Nobis
512 3075 808 3151 inexpectatumque
823 3071 860 3130 de
875 3073 920 3131 Te
936 3069 1066 3129 nuncia-

96 3177 166 3235 turn
188 3177 249 3244 est,
272 3170 476 3231 dilectissime
497 3169 530 3228 in
551 3168 681 3228 Christo
702 3166 768 3226 Fili
781 3166 910 3237 Noster,
925 3181 996 3222 cum
1017 3162 1066 3220 iu-

94 3267 316 3343 telligeremus
337 3268 528 3340 quantopere
549 3261 700 3321 misertus
721 3260 764 3320 sis
786 3277 893 3318 eorum
912 3255 1067 3318 Ecclesia·

95 3362 270 3432 eticorum,
299 3359 353 3436 qui
381 3375 421 3417 ex
449 3357 554 3417 Gallia
576 3355 614 3415 ob
635 3354 833 3431 Religionem
862 3355 1007 3412 extorres
1032 3349 1065 3408 ia

96 3459 198 3517 Tuam
211 3455 368 3515 Ditionem
381 3451 578 3529 confugiunt,
596 3449 648 3508 ubi
659 3452 804 3526 apertum
816 3445 984 3506 inveniunt
994 3461 1065 3522 esy-

96 3548 291 3624 lum31atis
318 3547 402 3606 euim
430 3545 528 3608 Nobis
550 3549 731 3623 perspectus
752 3544 802 3602 est
822 3559 841 3600 a
862 3539 963 3599 multo
985 3541 1068 3597 tem-
