2582 4270
659 303 698 336 -.
718 271 758 333 ‘28
778 303 815 316 -

677 341 697 367 g

255 395 323 440 rem
342 379 570 456 pontificibus,
594 385 626 438 et
646 380 883 457 sacerdotibus,
907 382 1058 458 quumvis
1087 381 1140 440 itii
1160 396 1226 440 aec

256 473 405 531 timorem
415 471 487 544 Dei,
501 488 559 532 uec
579 473 782 548 aperitionem
798 471 922 533 Christi
934 481 1125 534 seruassent.
1142 472 1228 532 Fuit

256 563 380 622 demum
401 582 441 624 ex
462 566 573 642 quovis
593 564 753 624 hominum
775 568 866 625 coetu
892 565 1083 642 interempta
1111 565 1230 626 multi-

257 657 343 718 tudo.
360 658 619 726 Quorummitior
632 677 732 736 poena
745 658 817 732 fuit,
831 677 849 720 e
863 659 978 736 patriis
998 659 1134 733 sedibus,
1152 659 1227 719 sine

257 751 322 812 ullo
344 752 523 812 discrimine
544 755 672 828 aetatis,
688 772 794 828 senus,
816 755 1016 829 conditionis,
1038 755 1070 814 in
1092 757 1227 816 exteras

256 845 400 923 regiones
421 845 641 908 eiiciebantur.
664 849 733 909 Etsi
760 867 836 909 vero
863 850 1024 910 decretum
1054 851 1159 922 esset,
1185 853 1227 910 ut

257 938 387 1016 quisque
408 939 520 1014 libere,
543 959 635 1018 quam
651 942 761 1016 vellet,
784 943 972 1022 religionem
983 931 1131 1004 exercere
1146 959 1227 1019 pos-

258 1036 327 1101 set,
350 1033 438 1109 quasi
459 1051 515 1110 per
536 1035 710 1111 quamlibet
731 1040 857 1113 pateret
884 1039 923 1098 ad
952 1041 1114 1100 aeternam
1136 1035 1226 1096 salu-

257 1127 320 1183 tem
342 1125 396 1184 via
417 1125 474 1203 (1),
496 1127 563 1187 sola
584 1129 688 1188 tamen
711 1131 881 1190 vetabatur
910 1129 1064 1190 catholica
1086 1129 1222 1206 religio,

806 1255 813 1294 l

257 1305 282 1350 et
292 1304 410 1362 reliquos.
424 1305 553 1354 Sacerdot.
565 1307 633 1368 apud
642 1310 731 1357 Belua.
744 1311 883 1370 capitular.
894 1311 991 1366 Regum
1001 1308 1158 1354 Francorum
1168 1307 1189 1352 t.
1200 1307 1223 1362 I,

258 1381 305 1427 col.
316 1383 371 1428 437.
383 1380 444 1430 edit.
452 1383 532 1430 Paris.
545 1384 747 1433 loetuvolumus
758 1387 834 1444 atque
844 1385 1021 1446 praecipimus,
1031 1385 1061 1430 ut
1070 1395 1156 1429 omnes
1167 1383 1226 1428 suis

258 1476 270 1498 n
284 1457 462 1506 Sacerdotibus
474 1493 480 1516 ,
491 1462 544 1507 tam
559 1463 664 1510 maioris
674 1459 770 1508 ordinis
783 1495 789 1520 ,
801 1474 876 1519 quam
887 1461 912 1507 et
922 1458 1052 1508 interioris
1064 1493 1070 1516 ,
1083 1473 1099 1506 a
1115 1459 1225 1504 minimo

258 1553 271 1576 ι
281 1547 361 1593 usqne
378 1534 410 1582 ad
426 1538 578 1596 maximum,
596 1540 625 1584 ut
641 1535 739 1584 summo
755 1539 822 1596 Deo,
842 1538 914 1584 cuius
930 1537 987 1584 vice
1003 1538 1031 1584 in
1047 1534 1225 1583 ecclesiastica

258 1629 270 1651 n
281 1611 409 1669 legatione
425 1612 576 1669 iunguntur,
589 1613 734 1666 obedientes
750 1614 885 1660 exsistant.
896 1614 962 1660 Nam
970 1612 1042 1658 nullo
1053 1612 1127 1670 pacto
1144 1619 1225 1668 agno·

258 1699 351 1734 escere
367 1699 509 1746 possumus,
528 1689 637 1748 qualiter
652 1690 731 1737 Nobis
746 1688 834 1737 fideles
849 1688 971 1736 exsistere
987 1689 1101 1746 possunt,
1113 1687 1157 1745 qui
1168 1689 1224 1733 Deo

258 1780 271 1801 n
283 1761 412 1819 infideles,
430 1764 455 1808 et
472 1764 525 1810 suis
546 1765 728 1812 Sacerdotibus
749 1766 926 1823 apparuerint,
949 1765 993 1811 aut
1012 1762 1121 1821 qualiter
1138 1762 1223 1809 Nobis

258 1855 271 1877 n
284 1836 436 1896 obedientes,
455 1839 604 1898 Nostrisque
621 1841 746 1888 ministris
763 1853 793 1887 ao
809 1839 900 1898 legatis
916 1837 1119 1896 obtemperantes
1135 1842 1222 1896 erunt,

258 1932 271 1954 n
283 1915 327 1972 qni
341 1914 395 1961 illis
410 1917 438 1963 in
453 1915 499 1961 Dei
516 1917 616 1973 cauus,
639 1919 664 1964 et
685 1917 858 1964 Ecclesiamm
878 1915 1032 1963 utilitatibus
1052 1927 1104 1962 non
1124 1915 1222 1961 obtem-

258 1992 382 2048 eperunt.
394 2009 406 2031 n

319 2068 352 2113 nt
367 2067 426 2114 hinc
439 2068 682 2127 apersecntionibus
694 2068 933 2115 Ecclesiasticorum
943 2065 1081 2125 repetenda
1096 2066 1157 2112 snut
1172 2065 1221 2111 ini-

256 2142 308 2199 tia,
326 2144 352 2188 et
368 2145 439 2189 ortus
456 2144 633 2200 schismatum,
651 2145 677 2191 et
692 2144 843 2202 haeresum
859 2143 1021 2204 prosequitur
1035 2140 1156 2189 laudatus
1173 2141 1221 2198 Gy·

258 2219 340 2277 prian.
352 2219 379 2265 in
390 2219 496 2277 proxim.
508 2221 552 2266 cit.
563 2221 644 2278 Epist.
656 2221 733 2266 va.

322 2296 355 2348 (l)
373 2297 434 2340 Post
453 2295 547 2341 multos
568 2295 648 2352 alios,
670 2296 790 2354 archiep.
808 2297 905 2342 Roven.
923 2293 1063 2352 Reipublic.
1082 2291 1217 2341 christian.

260 2369 304 2416 lib.
316 2371 350 2415 11.
363 2383 418 2428 cap.
430 2371 451 2415 1.
464 2383 538 2418 num·
546 2372 584 2417 10.
598 2371 658 2418 Sola
667 2370 765 2428 Religio
776 2383 806 2418 ac
816 2370 891 2417 Fides
901 2370 1032 2419 catholica
1041 2373 1155 2416 Romana
1171 2369 1217 2422 est,

259 2459 335 2505 quam
346 2447 465 2506 Princeps
476 2449 615 2505 acceptare,
629 2459 792 2504 conservare,
804 2449 829 2495 et
840 2448 956 2495 omnibus
972 2447 1072 2494 viribus
1086 2443 1218 2492 detondere

259 2521 340 2580 debet,
359 2524 382 2570 si
398 2536 433 2580 se,
451 2535 561 2580 suosque
577 2523 664 2570 salvos
680 2523 752 2570 velit.
764 2523 808 2570 Illi
824 2525 868 2582 qui
884 2535 958 2570 secus
975 2523 1095 2578 sentiunt,
1108 2521 1217 2568 coliber-

258 2601 338 2646 tatsm
347 2598 486 2656 Religionis
496 2611 550 2646 esse
560 2598 657 2656 volunt,
670 2599 790 2646 fortunae
801 2600 872 2654 caelo
882 2598 1051 2655 destinantur,
1061 2609 1119 2651 oum
1129 2597 1215 2653 atheis,

259 2676 285 2720 et
299 2673 419 2732 politicis.
429 2673 500 2721 Nihil
515 2673 619 2719 stultius
636 2686 713 2731 quam
729 2686 842 2721 asserere
859 2685 981 2732 quemque
996 2675 1024 2720 in
1040 2686 1088 2719 sua
1098 2671 1215 2729 religione

258 2749 355 2797 salvari
370 2761 453 2808 posse.
471 2749 578 2796 Frustra
594 2750 661 2796 enim
677 2749 789 2796 venisset
801 2749 917 2798 christus
934 2750 1058 2796 Dominus
1073 2747 1216 2794 docersnos

257 2838 346 2873 veram
360 2825 389 2872 in
405 2838 432 2872 sa
447 2823 530 2882 fldem,
543 2825 640 2872 frustm
648 2824 768 2872 instituta
783 2827 823 2872 tot
840 2825 962 2882 concilia,
976 2838 1005 2872 ac
1016 2824 1149 2872 damnatae
1159 2823 1213 2870 hae·

258 2914 336 2958 reses,
354 2903 497 2960 utquisque
514 2901 541 2948 in
557 2914 604 2948 sna
619 2903 742 2960 religione
759 2903 855 2950 salvari
871 2903 1009 2960 possessu
1025 2899 1147 2958 quomodo
1158 2912 1214 2946 con·

258 2977 345 3025 trariis
361 2977 411 3024 viis
424 2976 569 3025 incedentes
586 2976 619 3024 ad
635 2977 742 3023 eundem
751 2977 900 3036 pervenient
914 2975 1064 3023 terminum?
1079 2973 1215 3032 Religiones

260 3053 345 3100 autem
360 3052 493 3110 pleraeque
509 3053 576 3099 inter
591 3065 619 3100 se
635 3053 794 3110 contrariae,
819 3053 897 3099 etism
912 3053 989 3109 illae,
1011 3064 1075 3110 qnae
1092 3052 1214 3100 Christum

260 3128 420 3185 confitentur,
437 3128 547 3175 invicem
562 3139 589 3174 se
605 3128 774 3186 proscribunt,
787 3129 813 3176 et
831 3127 1008 3175 exterminant.
1021 3126 1147 3184 Quomodo
1161 3139 1215 3173 con-

259 3207 334 3252 sistet
344 3205 495 3263 Respublica
509 3205 580 3252 nullo
597 3207 667 3252 certo
683 3205 814 3264 religionis
830 3205 933 3252 vinculo
950 3204 1082 3262 colligata?
1093 3206 1130 3250 Ex
1139 3202 1213 3249 diver-

259 3281 335 3327 sitate
350 3280 501 3338 religionum
510 3278 651 3338 procedunt
662 3279 728 3336 odia,
741 3280 824 3326 oritur
833 3278 979 3336 diffidentis,
992 3279 1104 3326 nutritur
1112 3277 1209 3334 invidia,

259 3355 325 3404 liunt
340 3355 522 3414 separationes,
540 3353 686 3412 seditiones,
703 3367 749 3414 per
765 3353 869 3402 diversa
885 3353 1064 3401 conventicula
1083 3353 1213 3410 exsurgunt

259 3433 394 3488 nentates,
406 3429 548 3478 obedientia
557 3429 664 3487 tollitur,
676 3429 737 3488 quic
753 3429 881 3488 quaelibet
896 3428 987 3487 religio
1004 3440 1064 3476 snos
1080 3428 1214 3486 superiores

258 3507 339 3567 eligit,
356 3509 382 3555 et
397 3506 447 3554 sibl
462 3505 578 3554 adversis
593 3518 682 3566 parere
698 3505 861 3564 sacrilegium
882 3504 986 3562 iudicat,
1004 3504 1074 3552 bella
1093 3504 1210 3552 concitan-

258 3587 309 3643 tur,
326 3587 355 3632 ut
370 3583 476 3632 infinitis
492 3583 614 3645 exemplis
630 3584 738 3632 constat.
750 3585 839 3642 Itaque
849 3581 977 3630 insulsum
992 3582 1018 3629 et
1033 3579 1162 3630 ridiculum
1176 3579 1214 3628 est
