2624 4260
19 361 170 420 celerius
192 362 263 421 fieri
285 363 406 438 poterit
426 365 621 436 absolvendi,
645 366 798 440 cogantur
820 362 913 422 iidem
928 364 1001 423 Ele-

21 460 137 516 ctores
159 458 197 518 ad
221 455 315 516 aliam
338 456 528 516 mansionem
544 456 720 533 eligendam
736 455 862 515 minime
884 456 1001 516 incom-

23 551 170 620 modam,
187 552 221 608 et
242 549 279 608 ad
302 567 340 608 ea
359 568 437 626 quae
453 549 591 608 diximus
606 551 785 626 peragenda
800 549 1011 626 opportunio··

22 661 110 702 rem.
135 643 336 718 Quapropter
359 642 500 702 volentes
514 643 577 701 Nos
592 642 676 701 omni
691 646 724 701 et
739 660 929 718 quacumque
946 646 1002 701 du-

23 736 192 795 bitatione
215 733 299 793 circa
320 735 478 796 conclavis
494 735 595 794 locum
610 735 837 795 immutandum
853 735 1011 796 Cardine-¹

24 829 75 888 les
100 830 229 890 solvere
251 847 286 888 ac
308 829 458 902 liberare,
474 829 693 890 Cardinalibus
711 829 786 905 ipsis
800 829 852 906 qui
867 830 1002 890 aderunt

25 922 248 1000 indulgemus,
265 925 301 981 ut
321 922 462 981 universi
483 922 515 980 in
538 940 608 980 eum
629 923 730 981 locum
745 941 776 981 sc
790 922 997 996 transferant,

27 1015 85 1092 qui
108 1018 150 1077 ab
174 1017 285 1076 iisdem
307 1017 358 1076 vel
381 1033 400 1074 a
420 1015 579 1092 plerisque
600 1034 708 1074 eorum
729 1017 834 1092 aptior
855 1020 888 1076 et
902 1015 1001 1092 magis

27 1110 230 1170 conveniens
252 1109 463 1183 iudicabitur;
485 1128 520 1169 ac
541 1110 736 1170 declaramus
757 1111 836 1168 hanc
861 1110 892 1168 in
915 1109 1001 1170 aliud

26 1203 188 1264 conclave
219 1203 456 1262 translationem
482 1203 680 1279 legitimitati
711 1207 800 1262 actus
831 1203 1001 1280 peragendi

25 1298 123 1356 nullo
147 1308 240 1372 pacto
261 1296 377 1354 obesse.

90 1391 231 1450 Eaedem
242 1389 410 1448 hodiernae
427 1387 628 1448 difficultates
642 1406 748 1447 rerum
763 1407 798 1448 ac
811 1390 1000 1464 temporum,

25 1503 108 1560 quas
130 1483 191 1543 vix
211 1500 337 1559 sperare
359 1481 436 1541 licet
455 1481 548 1541 facile
569 1483 601 1540 in
623 1481 789 1558 pristinam
811 1481 947 1558 quietem
969 1484 1003 1540 et

26 1577 242 1637 securitatem
264 1577 311 1636 ita
332 1576 533 1636 immutatum
556 1575 608 1647 iri,
629 1578 665 1634 ut
685 1577 764 1635 nulli
780 1575 1010 1651 impedimento*

27 1670 173 1729 obnoxia
195 1669 238 1728 sit
258 1669 339 1729 alius
360 1669 441 1744 legis
462 1668 663 1727 observantia
684 1670 721 1726 da
742 1667 804 1739 die,
819 1685 878 1742 quo
896 1665 1004 1728 Cardi-

26 1765 120 1822 nales
144 1765 327 1838 praesentes
347 1761 495 1820 conclave
516 1761 755 1836 ingrediantur,
784 1767 860 1837 quot
881 1762 1003 1822 scilicet

28 1857 166 1928 diebus,
196 1859 268 1931 post
288 1855 450 1915 viduatam
472 1853 663 1930 pontificiam
686 1855 797 1912 Sedem
820 1856 913 1915 simul
935 1874 1006 1914 con·
1107 1854 1109 1860 ’

28 1953 147 2012 venire
165 1953 297 2011 debeant
311 1955 344 2010 et
359 1952 500 2010 secedere
511 1952 548 2010 ad
561 1950 747 2009 electionem
762 1951 1001 2027 perficiendam:

28 2046 164 2104 eaedem
178 2044 391 2120 inquiebamus
404 2042 603 2102 difficultates
616 2042 694 2100 illud
717 2042 812 2101 etiam
830 2043 1002 2119 postulant,

29 2141 69 2197 ut
86 2140 165 2214 post
178 2141 334 2196 maturam
350 2137 645 2208 considerationem,
658 2141 691 2196 et
702 2153 822 2196 omnem
836 2155 913 2213 quae
925 2137 1004 2196 oriri

27 2233 142 2307 posset
165 2229 391 2289 dubitationem
414 2232 452 2288 ab
474 2230 585 2290 animis
607 2230 773 2302 tollentes,
801 2231 1003 2289 decernamus

28 2327 109 2402 quid
140 2326 173 2384 in
203 2325 311 2384 futuro
333 2327 430 2402 quoad
453 2325 626 2401 praefatam
647 2325 749 2401 legem
772 2325 924 2400 agendum
947 2324 1000 2384 sit.

29 2420 195 2479 Novimus
216 2419 375 2478 nonnullis
395 2419 508 2477 abhinc
529 2418 663 2478 saeculis
685 2417 841 2477 invectam
857 2418 953 2478 fuisse
967 2437 1003 2479 ac

30 2513 151 2570 deinde
174 2514 331 2570 servatam
347 2511 611 2583 consuetudinem,
628 2528 706 2587 quae
720 2511 822 2570 multo
837 2513 937 2588 magis
952 2530 1004 2570 ro-

29 2606 153 2665 borata
165 2611 214 2664 est
226 2608 294 2680 post
305 2604 406 2663 editas
417 2605 659 2664 constitutiones
672 2605 817 2680 Gregorii
829 2607 871 2678 X,
884 2605 933 2664 Pii
946 2607 1001 2677 IV,

30 2698 188 2775 Gregorii
216 2700 292 2758 Xlll
318 2697 513 2774 aliorumque
542 2697 728 2757 Pontificum
756 2702 789 2757 et
817 2697 1004 2774 praesertim

31 2790 211 2854 Clementis
236 2793 314 2861 XII,
343 2790 396 2867 qui
418 2791 449 2848 iu
472 2809 527 2849 sua
548 2790 772 2850 constitutione
797 2790 1005 2866 Apostotatos

33 2887 181 2962 officium
201 2885 269 2944 eius
291 2884 337 2942 rei
359 2902 505 2960 expresse
528 2903 587 2943 non
609 2883 765 2954 meminit,
781 2885 832 2941 sed
849 2881 1005 2960 generali-

33 2983 87 3037 ter
113 2996 182 3038 eam
206 2978 371 3037 confirmat
384 2996 454 3035 cum
475 2979 590 3037 ceteris
610 2995 688 3054 quae
710 2995 728 3036 a
748 2977 1004 3053 praecedentibus

32 3071 248 3131 Pontificibus
263 3070 389 3129 decreta
403 3070 549 3144 fueruut;
565 3069 820 3130 consuetudinem
834 3070 1003 3145 inquimuS,

35 3169 73 3223 nt
96 3165 220 3224 decima
241 3163 290 3222 die
311 3167 381 3240 post
402 3162 520 3222 obitum
543 3163 707 3224 Pontificis
732 3163 914 3222 cardinales
936 3182 1006 3222 con-

37 3259 130 3317 clave
157 3255 284 3333 ingredi
312 3257 461 3328 debeant,
492 3257 596 3334 ibique
623 3255 760 3316 conclusi
782 3274 908 3332 operam
930 3258 1005 3316 dare

34 3350 198 3410 electioni.
229 3351 294 3408 Hac
321 3349 390 3425 lege
417 3368 468 3409 eos
490 3350 520 3407 in
544 3349 734 3409 conscientia
755 3350 890 3427 obligari
912 3350 1006 3409 multi

36 3445 227 3505 Canonistae
253 3441 428 3516 affirmant,
451 3461 521 3502 cum
542 3462 674 3519 acquum
696 3447 728 3503 et
750 3444 868 3502 iustum
894 3444 946 3518 sit,
970 3447 1006 3502 ut

36 3540 186 3599 absentes
213 3537 395 3598 cardinales
417 3537 503 3596 intra
525 3538 629 3597 decem
651 3536 771 3596 dierum
793 3539 929 3614 spatium
950 3556 1008 3596 ve-
