2582 4270
279 396 455 474 symbolum
483 395 705 473 Apostolorum
734 395 956 468 recitaverint,
984 414 1019 455 ac
1045 387 1173 454 devotas
1202 396 1239 453 ad

279 493 375 550 Deum
398 507 505 566 preces
526 490 696 549 effuderint
717 509 773 566 pro
795 493 827 550 S.
844 491 959 552 Matris
978 489 1135 550 Ecclesiae
1157 488 1243 548 exal-

279 585 412 657 tatione,
436 584 530 642 toties
552 583 783 660 Indulgentiam
799 589 916 661 septem
939 602 1091 642 annorum
1113 587 1146 642 et
1167 582 1244 641 toti·

280 679 348 737 dem
370 679 657 754 quadragenarum
673 697 708 736 eo
728 697 803 738 vero
819 679 869 738 die
890 697 951 756 quo
973 678 1081 738 iisdem
1098 676 1241 754 precibus

277 771 423 852 recitatis
452 775 646 832 sacramento
670 772 890 833 Poeuitentiae
912 791 943 832 se
965 771 1185 848 purgaverint,
1208 773 1243 829 et

281 865 498 924 Eucharistiae
526 869 721 928 sacramento
742 885 774 924 se
802 866 982 939 refecerint,
1008 863 1241 941 Indulgentiam

280 958 452 1034 plenariam
480 977 518 1017 ex
547 959 704 1020 Ecclesiae
734 962 883 1020 thesauro
912 963 1151 1036 consequantur.
1175 958 1243 1016 Hoc

279 1057 383 1112 autem
407 1053 562 1111 indultum
584 1070 640 1129 per
654 1053 831 1129 legitimum
853 1055 1037 1130 Episcopum
1058 1051 1240 1120 Neumausi,

280 1149 332 1206 vel
354 1164 408 1222 per
429 1145 563 1220 aliquem
587 1163 624 1203 ex
647 1147 713 1204 eins
734 1146 862 1206 vicariis
886 1145 1132 1204 communionem
1153 1143 1242 1202 Sedis

280 1239 480 1317 Apostolicae
506 1239 691 1298 habentibus
716 1239 816 1298 iussit‘
835 1239 1052 1314 exsequutioni
1078 1237 1241 1306 mandari,

280 1354 335 1395 nec
352 1335 443 1400 alias,
458 1353 513 1392 neo
528 1333 590 1392 alio
614 1335 715 1404 modo,
732 1351 766 1394 ao
781 1351 837 1410 per
852 1351 965 1392 annum
982 1337 1105 1392 tantum
1121 1333 1240 1392 valere.

341 1430 505 1488 Gaudeant
526 1427 626 1504 igitur
649 1431 681 1486 et
702 1428 851 1486 fruantur
872 1428 979 1486 fideles
999 1426 1242 1488 Nemausienses

281 1522 441 1598 spirituali
469 1522 525 1578 hoc
554 1523 737 1580 meritorum
760 1523 828 1580 Iesu
857 1521 975 1582 Christi
997 1539 1032 1580 ac
1054 1523 1241 1580 Sanctorum

279 1617 344 1674 eius
367 1615 534 1691 praesidio,
551 1633 586 1673 ac
602 1615 780 1691 recogitent
797 1615 920 1691 qualem
936 1617 1003 1690 Ipse
1019 1613 1090 1672 fidei
1104 1614 1243 1672 Nostrae

279 1715 389 1769 auctor
422 1709 573 1768 sustinuit
594 1727 612 1767 a
633 1710 848 1784 peccatoribus
876 1709 1176 1778 contradictionem,
1204 1725 1241 1763 ne

280 1805 382 1860 animo
397 1802 560 1875 deficiant;
578 1803 629 1861 sed
647 1807 733 1862 scuto
754 1803 838 1874 fidei,
852 1803 951 1862 lorica
966 1802 1042 1878 spei,
1060 1805 1244 1878 tegumento

279 1895 446 1954 charitatis
468 1895 572 1954 induti
595 1913 649 1972 per
675 1884 859 1973 patientiam
888 1903 1020 1956 currant
1040 1897 1078 1955 ad
1101 1893 1243 1971 proposi-

279 1996 344 2048 tum
369 1988 424 2046 sibi
448 1994 617 2049 certamen.
636 1992 749 2049 Potens
771 1994 820 2049 est
841 1975 921 2048 enim
938 1993 1018 2049 Deus
1031 2007 1150 2046 omnem
1167 2004 1244 2062 gra-

280 2083 357 2140 tiam
381 2083 537 2142 abnndare
559 2084 662 2142 iacere
683 2085 714 2142 in
739 2085 837 2156 nobis,
854 2085 878 2142 si
896 2084 996 2142 enixis
1017 2083 1159 2158 precibus
1173 2081 1243 2138 eins

280 2175 527 2234 misericordiam
543 2177 757 2253 imploremus
775 2183 810 2236 ut
825 2197 879 2236 neo
895 2195 948 2236 nos
969 2177 1093 2235 deserat
1115 2175 1146 2232 in
1163 2178 1245 2232 tem-

279 2287 354 2345 pore
370 2271 461 2339 malo,
479 2289 534 2328 nco
556 2271 753 2330 adversarios
775 2275 899 2330 nostros
921 2274 1066 2329 conterat
1080 2269 1110 2326 in
1127 2268 1176 2326 dic
1192 2269 1244 2325 in-

278 2363 469 2438 dignationis
498 2383 589 2435 suae3
612 2367 663 2422 sed
686 2365 789 2440 potius
819 2363 967 2439 respiciat
989 2363 1020 2421 in
1042 2361 1243 2437 beneplacito
1278 2383 1279 2396 2

278 2472 352 2526 suo,
376 2459 409 2514 et
429 2461 596 2516 convertat
623 2474 641 2514 a
670 2457 729 2516 viis
759 2457 822 2515 suis
849 2456 1010 2532 pessimis,
1035 2460 1070 2512 ut
1098 2472 1158 2512 uno
1186 2471 1244 2511 ore

278 2565 382 2607 omnes
393 2550 604 2625 glorificemus
615 2551 778 2610 Dominum
789 2552 940 2611 Nostrum
953 2551 1051 2608 Iesum
1064 2547 1242 2616 Christum,

278 2641 429 2716 quisenta
450 2642 607 2700 nobiscum
629 2643 876 2702 misericordiam
898 2659 996 2700 suam.

338 2736 450 2794 Datum
463 2739 580 2795 Romae
593 2754 631 2794 ex
647 2737 784 2796 Aedibus
799 2738 831 2796 S.
846 2738 879 2794 O.
895 2737 931 2793 de
946 2733 1150 2810 Propagande
1162 2731 1246 2790 Fide

277 2825 327 2884 die
349 2829 393 2886 IX
415 2828 524 2886 Martii
548 2830 764 2890 hiDOCXGIII.

644 3029 681 3086 L.
698 3028 789 3087 Gard.
807 3029 1021 3086 Aaronnnnus
1042 3027 1156 3104 Proef.
