2582 4270
654 289 876 352 -ar-·

254 397 363 459 Nostri
385 394 557 473 primordio
584 395 800 460 detestandam
814 400 891 460 adeo
906 379 1094 476 perfidorum
1116 401 1222 460 homi-

256 511 329 552 num
351 491 550 565 industriam,
573 491 826 570 intentatumque
849 493 1019 554 maximum
1039 494 1223 572 periculum
1273 535 1274 596 ,

255 585 591 672 auuupciarimusper
608 585 785 662 Epistolam
810 586 1013 676 ¹lincyciicam
1043 587 1080 646 ad
1109 605 1222 647 omnes

1273 4011 1274 4102 i

1273 4203 1274 4243 l

254 678 428 758 Episcopus
438 679 600 740 'Ecclesiae
621 679 793 740 catholicae
816 679 872 758 (1),
896 653 1037 832 ουὶηξδε
1059 683 1222 758 sequenti-

257 775 314 834 bus
335 773 442 833 verbis
456 773 676 832 hortaremur:
693 773 832 851 Auferte
846 763 983 834 malum.
1000 758 1022 834 ¹e
1036 775 1141 837 medlo
1161 793 1222 835 oe-

255 870 327 940 stri‚
351 869 387 926 iol
407 876 453 927 est
470 875 646 928 aeueuatos
661 870 757 927 libros
778 871 817 928 ab
839 870 939 928 oculis
957 865 1072 944 (trapis
1092 886 1222 944 mapua

255 963 291 1020 oi
311 969 341 1022 et
362 961 535 1021 sedulitate
556 969 752 1038 eatorquete.
771 963 854 1028 Quae
876 963 1073 1022 hortationes
1093 981 1129 1022 ao
1150 981 1222 1022 mo·

256 1053 325 1113 nita
345 1055 462 1116 Nostra
483 1053 510 1112 si
526 1054 770 1126 successissent,
794 1055 922 1114 minime
945 1073 1024 1114 nunc
1046 1057 1121 1114 adeo
1143 1073 1223 1132 pro-

255 1165 395 1224 gressam
422 1164 489 1206 esse
517 1146 707 1207 intentatam
729 1151 849 1223 Regum
880 1150 1120 1224 Regnorumque
1143 1165 1221 1224 per-

256 1239 369 1298 niciem
392 1239 578 1301 doleremus,
594 1241 669 1300 Oum
687 1239 846 1300 teterrimi
863 1239 913 1300 illi
928 1240 1067 1299 homines
1081 1239 1220 1298 multum

254 1352 287 1393 se
298 1334 467 1410 proficere,
480 1334 604 1410 iamque
620 1334 726 1392 adesse
742 1337 864 1410 tempus
875 1352 932 1394 sua
942 1333 1130 1410 exsequendi
1145 1351 1224 1392 con-

230 1427 328 1486 lsilia
349 1429 565 1504 agnoscerent,
589 1429 699 1502 aperte
720 1425 862 1501 proferre
883 1432 1066 1503 coeperunt,
1083 1429 1114 1485 in
1134 1427 1221 1486 libro

256 1521 343 1598 typis
364 1521 449 1580 edito
470 1539 551 1580 anno
574 1519 664 1590 1787,
686 1519 891 1578 assertionem
911 1519 1054 1597 Hugonis
1076 1520 1220 1592 Rosarii,

257 1633 311 1674 seu
332 1615 359 1674 si
381 1615 448 1692 quis
470 1613 551 1672 alius
572 1616 620 1672 est
641 1613 708 1671 eius
728 1612 803 1672 iibri
825 1618 937 1673 auctor
958 1612 1015 1692 (2);
1035 1614 1223 1674 Laudabile

256 1723 369 1784 uempe
390 1725 454 1767 esse
482 1709 591 1766 tollere
619 1707 658 1766 de
684 1706 789 1765 medio
810 1723 994 1782 supremum
1014 1707 1218 1784 Principem,

256 1805 317 1880 qui
336 1803 465 1878 obsequi
485 1800 656 1876 Relipioui
675 1803 855 1877 reformare
876 1819 943 1860 uou
956 1804 1037 1872 uult,
1055 1819 1113 1862 uec
1134 1805 1222 1862 tuse

252 1903 365 1974 partes
385 1895 544 1968 suscipere
561 1897 816 1973 protestantium
828 1911 887 1969 pro
908 1895 1018 1955 eadam
1031 1897 1218 1972 Relipioue.

256 1991 322 2056 Qua
343 1991 409 2047 tam
430 1987 537 2064 iniqua
559 1987 716 2048 sententia
737 1987 829 2063 paulo
847 1991 921 2048 ante
937 1989 1108 2060 declarata,
1124 2006 1221 2064 quam

256 2081 435 2142 Ludovieus
456 2081 487 2138 in
509 2081 595 2140 vitae
616 2081 809 2140 miserrimas
824 2081 986 2143 incidisset
1000 2083 1101 2155 sicea,
1116 2081 1221 2158 palam

257 2176 400 2234 omuibus
420 2174 538 2234 factam
560 2177 620 2247 est,
637 2192 714 2250 quae
729 2174 817 2234 illius
830 2174 919 2252 origo
934 2175 1032 2234 fuerit
1053 2193 1223 2235 aerumna-

257 2285 346 2328 rum:
369 2267 461 2344 idque
483 2268 558 2326 adeo
581 2285 638 2343 pro
660 2272 819 2344 comperto
840 2267 1012 2326 habendum
1045 2271 1114 2340 est,
1136 2267 1222 2326 tales

257 2361 418 2432 nimirum,
441 2360 549 2438 quales
569 2361 736 2437 prodibant
756 2361 788 2420 in
810 2361 930 2433 Gallia,
953 2380 992 2421 ex
1013 2362 1162 2440 improbis
1178 2363 1224 2420 li-

257 2455 335 2527 bris,
351 2459 509 2530 tamquam
531 2473 569 2514 ex
585 2461 741 2515 venenata
755 2455 867 2531 stirpe,
883 2457 1068 2532 processisse
1082 2455 1223 2530 fructus3

258 2549 345 2608 utin
369 2549 438 2608 vita
460 2549 673 2608 scelestissimi
693 2549 829 2609 Voltera'i
849 2549 881 2608 in
905 2550 1019 2626 vulgus
1041 2551 1126 2610 edita
1140 2551 1225 2608 scri-

257 2645 345 2718 ptum
367 2642 476 2716 suerit,
492 2647 636 2704 aeternas
650 2643 701 2702 illi
722 2643 761 2702 ab
781 2643 916 2702 humano
933 2661 1047 2720 genere
1063 2642 1224 2702 habendas

257 2751 323 2794 esse
346 2737 488 2812 gratias,
512 2739 669 2814 tamquam
701 2736 802 2813 primo
834 2737 976 2813 publicae
1008 2736 1222 2796 revolutionis

259 2925 352 2980 tienne,
366 2925 457 2982 qu’uue
468 2924 544 2970 haine
555 2925 649 2971 oruella
665 2925 691 2971 ct
705 2923 858 2982 implacehle
868 2924 956 2969 contre
972 2923 999 2969 la
1014 2923 1122 2980 religion
1137 2923 1226 2968 catho-

258 2999 335 3056 lique.
355 3000 407 3056 Qus
423 3000 534 3056 peuvent
552 2997 658 3045 devenir
674 2997 718 3044 des
733 2998 839 3055 peuplcs
856 2995 971 3042 credide·
987 2998 1014 3042 et
1029 2995 1108 3044 livrts
1124 2997 1139 3043 t
1155 3000 1225 3045 cette

258 3073 346 3134 mptce
362 3072 393 3119 dc
409 3073 555 3120 Doctours?
568 3107 574 3120 .
587 3107 592 3118 .
606 3107 631 3122 ..
652 3075 679 3120 Si
695 3087 729 3120 on
743 3073 812 3130 joint
828 3073 843 3119 a
859 3085 901 3119 ces
920 3072 1084 3131 dispositione
1105 3074 1129 3119 le
1148 3072 1225 3130 genie

257 3154 327 3212 plain
343 3153 374 3202 da
390 3155 434 3201 teu
449 3155 494 3212 qui
508 3153 608 3199 domine
625 3151 690 3200 dans
705 3154 730 3200 le
754 3166 832 3212 pays,
846 3165 879 3199 on
895 3165 954 3200 sera
968 3153 1147 3211 pariaitemeut
1166 3167 1228 3202 con·

258 3230 360 3286 vaincu,
372 3243 419 3288 qne
435 3230 555 3288 quelques
570 3219 759 3286 minag'ements
774 3231 849 3286 qu'on
861 3241 908 3286 aye
923 3241 988 3287 pour
1003 3229 1041 3276 les
1052 3229 1226 3286 Religionum.

259 3318 308 3362 res,
319 3305 358 3353 las
373 3317 438 3364 pays
455 3305 488 3352 od
505 3319 538 3351 on
553 3305 591 3351 les
607 3303 684 3350 laissa
700 3316 727 3350 se
744 3303 862 3360 iortifier,
875 3305 934 3350 sont
943 3302 1055 3362 exposcis,
1068 3317 1101 3350 aa
1111 3309 1228 3352 moment

259 3383 334 3440 qu’on
350 3394 368 3440 y
383 3393 492 3440 pensare
507 3381 531 3427 le
547 3379 638 3437 moins,
656 3379 672 3426 a
688 3379 741 3427 dtre
757 3380 806 3426 mis
822 3391 854 3427 en
871 3380 1038 3426 combustion.
1123 3407 1127 3414 ·

321 3459 356 3512 (1)
367 3458 431 3522 Μ.
449 3459 479 3504 25
496 3456 640 3504 Decembris
658 3456 729 3502 1775.

322 3534 357 3586 (2)
375 3533 413 3578 La
429 3529 533 3579 dtionse
550 3530 625 3578 civile
641 3532 667 3578 ct
682 3528 802 3578 miiitaira
819 3528 863 3577 das
879 3527 1012 3578 innocente
1028 3529 1100 3576 etde
1116 3529 1223 3589 l'Egliae

259 3603 290 3651 dc
308 3606 401 3664 christ,
420 3605 480 3654 edit.
493 3605 574 3665 Lugd.
586 3607 656 3654 1563.
