2624 4260
655 315 693 327 -
718 283 775 341 188
797 313 835 325 -·

265 409 284 450 a
305 389 435 464 tritico,
459 391 618 468 palearum
641 407 659 448 a
679 389 838 450 frumento
867 389 951 451 facta
973 390 1016 449 sit
1037 390 1231 466 segregatio,

264 485 323 543 nisi
345 487 425 561 quod
448 486 605 545 manifesti
629 485 706 545 facti
727 487 792 545 siut
813 485 855 558 ei,
871 485 925 561 qui
947 502 1016 545 cum
1038 485 1234 544 intrinsecus

263 584 368 638 essent
389 578 455 656 lupi
476 599 614 656 rapaces,
635 581 738 640 induti
761 580 896 657 pellibus
919 579 1024 639 ovium
1040 580 1071 638 in
1088 577 1234 639 Ecclesia

264 672 418 743 latebant,
435 679 468 733 et
489 695 564 752 quas
585 675 715 735 insidias
737 676 766 735 ei
787 678 896 752 aperte
920 693 980 734 non
1002 678 1161 750 poterant,
1179 691 1234 732 eas

263 767 384 825 occulte
406 769 678 842 machinabantur,
694 787 826 847 quorum
848 769 972 828 malitia
993 787 1029 828 ac
1053 767 1152 840 fraus,
1170 767 1233 826 nisi

262 863 338 921 haec
360 864 427 940 ipsa
448 863 532 921 mala
552 861 749 936 accidissent,
772 879 893 938 semper
915 861 1002 920 inter
1015 863 1079 923 Nos
1101 865 1139 923 ad
1162 882 1234 923 san·

262 955 407 1014 ctitatem
428 955 586 1016 Ecclesiae
609 957 803 1028 tentandam,
820 973 981 1030 moresque
1002 955 1155 1013 bonorum
1178 957 1231 1014 de-

261 1051 435 1124 pravandos
458 1050 581 1110 occulta
603 1049 782 1121 latuissent3
806 1067 904 1125 parva
925 1065 964 1106 ne
984 1049 1142 1107 Ecclesiae
1165 1049 1230 1108 uti-

261 1142 337 1202 litas
358 1144 433 1202 haec
455 1147 538 1202 essct
559 1145 718 1220 putandai

320 1237 398 1304 Quid
428 1255 504 1296 vero
530 1237 629 1306 illud,
657 1238 737 1312 quod
759 1254 799 1296 ex
819 1235 1040 1295 funestissimis
1069 1235 1227 1294 fructibus

261 1331 339 1403 ciuS,
362 1332 474 1408 quibus
495 1332 592 1390 ferme
614 1331 778 1390 universus
801 1330 885 1389 orbis
907 1329 1044 1398 interiit,
1065 1328 1226 1405 cognitum

260 1429 309 1484 cst
330 1425 456 1484 tandem
478 1425 645 1501 aliquando
663 1425 743 1500 quod
760 1422 979 1502 (nequidquam
993 1423 1104 1495 Nobis,
1119 1421 1230 1480 Vobis·

260 1537 318 1594 que
334 1519 555 1597 clamantibus)
577 1519 676 1578 adhuc
698 1518 736 1575 ab
758 1517 934 1575 hominibus
950 1516 1092 1592 cognosci
1111 1515 1226 1587 noluit,

260 1612 333 1687 quid
356 1612 454 1683 velit,
477 1630 538 1688 quo
561 1614 693 1687 spectet,
716 1611 789 1687 quid
812 1611 1006 1688 propositum
1031 1611 1146 1670 habeat
1167 1609 1227 1668 sibi

258 1722 407 1779 perversa
432 1704 507 1776 illa,
530 1723 608 1779 quae
630 1707 696 1762 tam
725 1703 895 1763 invalescit
917 1722 952 1764 ac
976 1705 1155 1763 dominatur
1180 1722 1229 1764 sa-

259 1797 396 1871 pientia,
420 1798 506 1856 euius
521 1815 560 1855 ex
574 1797 731 1856 beneficiis
754 1815 859 1856 omncs
882 1803 990 1874 gentes
1014 1801 1220 1869 erraverunt,

262 1890 386 1964 quaein
403 1909 513 1949 nomen
533 1891 684 1950 invadens
699 1890 913 1966 philosophiae
929 1910 987 1950 non
1007 1910 1038 1949 se
1061 1891 1226 1968 religionis

258 1982 450 2061 virtutisque
472 1985 656 2062 magistram
678 1987 825 2062 praebet,
848 1987 926 2062 quod
952 1988 1034 2044 esset
1061 1985 1225 2062 proprium

257 2077 446 2139 christianae
470 2098 695 2156 germanaeque
719 2082 903 2158 sapientiae,
920 2083 970 2142 sed
994 2082 1091 2140 omnis
1113 2079 1226 2156 impie-

258 2171 345 2243 tatis,
362 2172 520 2246 licentiae,
538 2173 733 2250 cupiditatis,
750 2177 912 2252 perlidiae,
929 2177 1070 2236 libidinis
1089 2175 1222 2246 artifex,

258 2265 395 2322 omnium
423 2266 651 2337 calamitatum,
675 2268 832 2344 dolorum,
854 2269 1025 2328 exitiorum
1048 2286 1162 2344 parens
1185 2269 1221 2326 ad

207 2423 213 2436 ι
254 2358 401 2431 humana,
425 2378 460 2418 ae
482 2355 591 2420 divina
612 2381 749 2440 quaeque
771 2365 984 2428 subvertenda
1005 2380 1070 2421 sese
1092 2365 1223 2441 excogi-

254 2453 354 2509 tatam
377 2470 443 2510 esse
464 2455 636 2529 patefacit?
663 2459 761 2525 Quam
783 2461 841 2522 illa
862 2465 986 2541 plagam
1007 2482 1046 2522 ex
1069 2464 1137 2540 ipsa
1163 2464 1222 2522 hac

252 2545 388 2616 Nostra,
418 2548 513 2622 atque
542 2549 617 2606 adeo
639 2569 677 2609 ex
699 2553 757 2612 hac
779 2557 863 2616 orbis
885 2561 1043 2617 terrarum
1075 2557 1219 2616 universi

253 2639 435 2698 calamitate
463 2643 617 2718 accepisse
645 2650 783 2721 putanda
810 2655 876 2723 est,
904 2671 974 2710 cum
996 2671 1036 2710 ex
1058 2651 1098 2710 iis
1120 2652 1221 2710 tantis

253 2733 400 2806 luctibus,
417 2735 528 2811 quibus
551 2755 606 2813 per
626 2757 694 2798 eam
716 2759 813 2817 genus
835 2745 1004 2805 humanum
1023 2745 1221 2804 funestatum

252 2830 319 2900 est,
346 2831 439 2904 atque
462 2829 493 2887 iu
517 2831 583 2890 dies
605 2833 735 2908 gravius
764 2835 962 2912 funestatur,
990 2839 1126 2898 exitiosa
1153 2840 1222 2898 eius

252 2919 382 2979 consilia
411 2922 625 2998 innotuerint,
648 2930 681 2985 et
706 2929 848 2990 crudeles
877 2932 1124 2991 machinationes
1153 2933 1221 2991 sint

252 3010 456 3071 intellectae?

311 3105 357 3162 En
380 3123 436 3162 cur
458 3105 533 3164 illae
555 3108 641 3167 inter
663 3113 920 3190 ecclesiasticam,
936 3123 969 3176 et
983 3117 1110 3176 civilem
1130 3121 1220 3193 pote-

251 3196 365 3253 statem
387 3201 436 3256 tot
457 3199 614 3260 excitatae
635 3201 854 3280 dissensiones,
878 3229 916 3268 en
938 3228 994 3268 cur
1016 3211 1047 3268 in
1069 3211 1220 3286 suspicio-
1306 3230 1307 3234 ’

251 3305 321 3346 nem
341 3292 420 3365 apud
443 3295 588 3367 potentes
610 3302 722 3358 vocata
743 3301 900 3360 Ecclesiae
926 3303 1118 3375 auctoritaS,
1143 3321 1217 3380 opes

249 3380 282 3439 in
304 3381 468 3455 invidiam,
485 3385 617 3446 libertas
639 3389 670 3447 in
693 3393 926 3469 captivitatem,
943 3396 1092 3456 nimirum
1107 3401 1144 3456 ut
1158 3401 1219 3458 Ec-

250 3473 364 3534 clesiae
384 3477 549 3553 praesidiis
572 3484 680 3557 generi
695 3485 829 3545 humano
845 3489 1028 3564 subtractis,
1042 3491 1218 3568 impietatis

250 3570 401 3646 trophaea
422 3572 453 3630 in
476 3571 667 3650 deflagratae
689 3577 865 3656 Religionis
894 3584 1071 3658 cineribus,
1095 3585 1123 3642 si
1145 3585 1217 3644 fieri
