2624 4260
224 241 283 302 hac
304 241 483 319 hypothesi,
498 245 532 301 et
551 241 698 318 quamdiu
719 242 751 300 in
774 242 830 301 hoc
852 244 946 318 portu
968 240 1191 313 morabuntur,

226 335 263 394 ad
286 353 356 396 suas
381 334 520 394 vicissim
546 335 754 412 confessiones
780 335 979 412 excipiendas
1003 333 1189 411 approbare.

286 429 315 488 2.
339 429 425 487 Fieri
446 447 552 505 posse,
569 433 606 488 ut
617 430 726 488 horum
740 429 812 488 fidei
826 429 1036 488 confessorum
1052 426 1193 486 destina·

226 519 340 596 tiones,
356 521 427 586 sive,
437 525 534 598 quoad
550 525 676 599 portum
691 522 723 581 in
738 540 797 598 quc
809 521 899 582 navis
910 521 1063 598 profectio
1077 539 1190 599 exspe-

225 615 340 673 ctanda
360 613 435 686 erit,
453 615 518 674 sive
540 613 638 692 quoad
661 615 829 691 ipsummet
849 615 939 674 exilii
960 615 1074 688 locum,
1098 635 1117 676 a
1138 633 1190 674 su-

224 723 333 782 prema
347 707 523 767 Galliarum
544 711 702 784 potestate
724 707 827 767 subito
848 726 883 766 ac
905 709 1064 785 inopinate
1085 713 1187 769 mute-

227 803 298 859 tur:
321 806 510 878 quapropter
531 803 568 860 ad
591 802 684 860 finem
706 801 864 860 intentum
886 802 1053 863 efficaciter
1079 822 1188 862 conse-

225 895 381 971 quendum
401 896 570 971 expedire,
600 899 637 954 ut
664 913 722 953 non
751 911 807 970 pro
833 891 1006 970 Rupifortii
1033 901 1129 972 portu
1155 901 1189 955 et

226 987 348 1048 Guiana
369 993 512 1062 tantum,
536 989 588 1048 sed
610 1000 643 1048 et
663 1006 719 1064 pro
740 988 803 1048 allo
825 1007 1016 1066 quocumque
1037 995 1132 1066 portu
1154 993 1188 1048 et

225 1081 307 1150 loco,
324 1080 507 1157 ubicumque
522 1081 617 1140 etiam
631 1081 745 1157 religio
759 1081 916 1142 catholica
931 1081 1030 1158 riget,
1044 1083 1081 1141 ad
1097 1099 1189 1158 quem

227 1173 373 1251 (durante
396 1193 504 1234 eorum
530 1174 759 1251 deportationis
781 1173 909 1254 itinere)
931 1174 1129 1250 pervenient,
1152 1193 1189 1233 ac

221 1284 282 1343 per
294 1269 496 1328 transennam
511 1268 799 1339 commorabuntur,
813 1268 994 1343 supradicta
1008 1267 1189 1343 approbatio

226 1361 352 1436 valeat,
375 1365 469 1438 atque
491 1363 536 1422 ita
556 1378 664 1422 eorum
686 1362 893 1421 eonscientiae
916 1362 1132 1422 anxietatibus
1153 1381 1189 1422 ac

226 1453 504 1529 perplexitatibus,
519 1473 597 1530 quac
612 1455 645 1513 in
661 1455 794 1514 diversis
815 1472 850 1512 ac
872 1454 1097 1514 momentaneis
1111 1455 1191 1530 ipso·

230 1563 301 1604 rum
323 1547 511 1607 stationibus
525 1565 564 1606 ax
578 1545 812 1623 approbationis
832 1544 954 1606 defectu
971 1545 1051 1606 oriri
1065 1554 1190 1623 possent

228 1644 426 1701 occurratur.

287 1735 318 1792 3.
341 1737 410 1796 Non
425 1735 528 1793 minus
542 1733 751 1794 necessarium
765 1751 843 1806 erse,
862 1737 897 1793 ut
912 1734 988 1793 haec
1006 1733 1189 1810 approbatio

228 1844 282 1887 seu
302 1825 437 1886 facultas
458 1828 495 1886 ad
518 1845 622 1886 omnes
642 1827 896 1903 irregularitatis
916 1845 1004 1886 casus
1030 1845 1191 1887 censuras·

142 1921 144 1925 '
227 1937 286 1996 que
309 1924 499 1993 reservatas,
522 1919 617 1978 immo
639 1923 678 1980 ad
700 1920 788 1978 illam
810 1919 918 1993 ctiam,
940 1939 1018 1996 quae
1039 1938 1079 1980 ex
1102 1938 1192 1997 prae-

227 2012 304 2075 stito
325 2013 502 2075 iuramento
524 2011 636 2085 civico,
659 2015 802 2089 tempore
823 2011 897 2071 utili
917 2013 999 2072 haud
1015 2017 1190 2074 retractato

228 2106 266 2166 ab
287 2106 422 2166 Intrusis
443 2106 630 2177 incurritur,
646 2123 712 2164 sese
727 2105 896 2179 extendat3
912 2123 951 2164 ex
966 2106 1094 2182 eoquod
1118 2124 1192 2164 non-

228 2200 309 2258 nulli
325 2199 482 2278 ·eiusmodi
503 2198 668 2258 criminum
690 2197 738 2256 rei
759 2199 937 2258 sacerdotes
958 2199 1053 2259 ctiam
1078 2199 1191 2276 depor-

228 2294 393 2367 tabuntur3
409 2312 444 2352 ac
466 2292 557 2368 proin
579 2291 649 2350 fieri
670 2295 786 2368 potest,
804 2296 840 2351 ut
861 2309 900 2350 ex
922 2291 998 2368 ipsis
1019 2292 1130 2368 aliqui,
1144 2292 1198 2352 di-v

228 2389 304 2450 vina
324 2389 498 2464 opitulante
520 2387 642 2464 gratia,
664 2389 702 2446 ad
724 2387 948 2464 poenitentiam
971 2387 1117 2462 adducti,
1140 2406 1192 2448 rc-

228 2481 446 2542 oonciliatione
467 2499 503 2540 ac
524 2479 753 2555 dispensatione
780 2498 874 2556 super
902 2481 985 2540 hisce
1006 2480 1191 2558 irregulari·

184 2645 185 2649 η
229 2574 349 2635 tatibus
371 2591 436 2632 sese
459 2573 569 2649 dignos
590 2573 733 2632 reddant.
757 2574 833 2634 (lum
861 2579 967 2633 autem
990 2574 1030 2633 iis
1054 2574 1109 2650 qui
1133 2575 1189 2634 tali

229 2671 318 2746 modo
331 2669 559 2730 absolutionem
571 2671 605 2727 et
616 2668 876 2744 dispensationem
890 2668 1096 2743 obtinuerint,
1107 2688 1192 2730 soan-

229 2764 301 2823 dala
322 2763 452 2834 maiora,
469 2761 520 2820 vel
538 2759 663 2820 minora
685 2761 718 2819 in
740 2761 874 2820 diversis
895 2761 999 2826 forsan
1021 2780 1129 2822 eorum
1144 2783 1191 2823 re-

229 2857 382 2917 sidentiae
403 2854 480 2915 locis
508 2854 683 2930 reparanda
710 2853 891 2930 supersint3
914 2872 1025 2930 operae
1053 2855 1190 2930 pretium

230 2950 358 3010 videtur
378 2949 561 3019 decernere,
585 2949 621 3005 ut
641 2945 755 3018 iidem,
779 2946 806 3004 si
829 2965 973 3022 umquam
996 2949 1028 3006 in
1050 2967 1122 3008 suas
1143 2968 1192 3009 rc-

229 3041 385 3119 spectivas
403 3040 559 3098 dioeceses
587 3039 765 3113 redierint,
789 3041 909 3100 ordinis
931 3059 950 3100 a
971 3060 1030 3118 quo
1052 3044 1192 3119 suspensi

226 3135 356 3194 -fuerant
377 3133 552 3192 functiones
574 3151 634 3190 non
656 3134 729 3191 ante
750 3151 900 3193 exercere
921 3134 1078 3207 audeant,
1101 3153 1191 3212 quam

230 3225 398 3288 Ordinario
419 3244 474 3286 suo
489 3225 631 3302 legitimo
647 3244 712 3284 sese
726 3228 1012 3301 praesentaverint,
1030 3229 1191 3290 licentiam

231 3322 310 3381 hano
332 3319 458 3396 abipso
481 3319 736 3394 impetraverint,
757 3325 851 3396 atque
873 3321 1020 3380 scandala
1041 3321 1108 3381 sive
1131 3341 1193 3384 ma·

231 3413 380 3475 iorasive
402 3413 537 3486 minora,
557 3413 588 3470 in
610 3411 753 3489 ipsismet
766 3413 843 3473 locis
865 3414 906 3488 (si
927 3413 958 3474 id
981 3431 1105 3475 necesse
1123 3415 1190 3496 sit),
