2632 4262
661 307 699 320 -
722 275 840 335 308-

268 382 424 460 legitima.
454 381 533 441 Ibid.
560 384 594 442 et
623 380 947 458 seq.-Exstinguitur
972 400 1079 442 eorum
1109 385 1236 462 Capitu-

266 475 382 536 lumi.
397 475 465 535 181.
1297 481 1298 488 ’

325 568 560 630 avenionenses
581 567 765 630 defectionis
784 569 939 630 vexillum
954 570 1099 632 efferunt.
1116 575 1143 632 Ι.
1160 574 1226 634 175.

265 663 389 724 ·Nullo
409 661 613 738 vectigalium
635 681 749 740 genere
770 665 870 741 pressi
895 665 952 724 sub
973 665 1128 742 regimine
1149 669 1229 726 Pon·

265 757 374 818 tifiois.
395 757 475 816 Ibid.
504 760 537 816 et
561 774 624 834 seq.
639 787 655 804 -
669 758 832 818 Ministros
854 759 1036 819 Pontificios
1062 759 1106 840 10,
1124 760 1228 839 fugam

266 854 375 928 agunt.
385 853 411 911 Ι.
427 851 495 910 178.
505 850 569 910 -Se
583 851 756 912 subiiciunt
770 851 884 911 ditioni
899 853 983 930 regis
1002 853 1137 914 Galliae.
1149 855 1225 914 Ibid.

265 949 299 1006 et
312 963 376 1024 seq.
386 946 525 1006 -Eorum
536 945 665 1007 scelera.
674 945 987 1007 Ibid.-Iureiurendo
1001 947 1102 1006 civico
1114 949 1228 1024 polluti
1297 1011 1298 1020 ,

264 1041 376 1102 iisdem
402 1040 509 1117 poenis
534 1039 763 1116 spiritualibus,
786 1039 897 1116 quibus
918 1040 1015 1114 Galli,
1040 1041 1178 1100 obnoxii.
1202 1043 1226 1100 1.
1297 1055 1298 1058 ’

268 1134 326 1194 186
348 1137 381 1194 et
403 1151 467 1211 seq.

731 1285 759 1340 B

323 1419 495 1497 Babylonis
509 1420 675 1496 Episcopus
698 1421 840 1496 (Ioannes
857 1413 1012 1493 Baptista)
1027 1413 1126 1473 Pallii
1142 1415 1229 1472 deco·
1297 1411 1298 1472 ÷

265 1518 354 1574 ratus
374 1514 502 1584 honore,
525 1516 559 1572 et
579 1512 665 1572 vitae
686 1514 796 1570 auctus
814 1507 960 1568 subsidiis
977 1507 1136 1566 aSummo
1149 1507 1228 1565 Pon·

265 1607 362 1680 tificc,
378 1606 411 1664 iu
425 1605 642 1666 consecrandis
656 1602 941 1682 pseudo-Episcopis
956 1602 1122 1662 adsistens,
1137 1603 1160 1660 Ι.
1171 1600 1228 1660 149
1297 1633 1298 1652 i

263 1704 296 1760 et
321 1701 574 1776 serp-Imitatur
600 1699 755 1759 Dominici
783 1698 919 1769 Varlet,
948 1694 1226 1757 Ultraiectensium

262 1790 706 1870 pseudo-Archiapiscoporum
727 1789 961 1850 consecratoris.
985 1789 1065 1848 Ibid.
1078 1820 1094 1834 -
1108 1788 1157 1848 Ab
1177 1805 1226 1846 or·

263 1887 335 1946 diue
348 1883 524 1960 Episcopali
540 1901 715 1960 suspensus.
733 1883 983 1944 Ibid.-Secunda
997 1885 1030 1942 et
1045 1882 1144 1942 tertia
1165 1899 1229 1940 mo-

268 1977 346 2037 nitio
367 1976 516 2037 canonica
536 1977 687 2036 adversus
708 1995 788 2037 eum.
806 1979 830 2037 Ι.
847 1978 907 2038 276
921 1980 1031 2052 etseq.

325 2071 497 2148 Baptisma.
521 2072 603 2132 Num
629 2069 718 2130 licite
740 2089 759 2130 a
778 2072 921 2130 Parocho
948 2070 1053 2129 iurato
1082 2071 1223 2145 petatur.
1297 2149 1298 2152 Ἴ

261 2167 301 2225 ΙΙ.
312 2164 580 2241 85.·Baptismum
593 2182 652 2222 non
664 2163 741 2224 licet
752 2164 891 2240 racipere
907 2161 1080 2240 aparochis
1092 2161 1227 2221 intrusis

263 2261 296 2317 et
316 2258 441 2330 iuratis,
464 2261 594 2332 excepto
615 2275 687 2316 casu
709 2257 925 2330 necessitatis,
948 2255 979 2315 in
1002 2273 1061 2332 quo
1083 2273 1143 2314 nou
1165 2257 1222 2314 ad-

263 2354 346 2410 esset
367 2350 447 2410 alius
469 2351 578 2410 valens
598 2351 771 2426 baptizare.
788 2353 813 2411 I.
830 2353 917 2412 227-
934 2353 973 2410 ΙΙ.
988 2349 1039 2410 85.

320 2443 508 2504 Basileensis
521 2445 690 2521 Episcopus
704 2444 877 2524 (Iosephus)
891 2476 908 2490 -
922 2443 1042 2504 Summi
1061 2442 1228 2503 Pontificis
1297 2469 1298 2478 2

261 2540 300 2600 ad
322 2555 392 2598 eum
412 2537 565 2614 Epistola.
584 2539 609 2598 Ι.
626 2539 676 2600 42.

321 2631 475 2694 Bavariae
490 2630 582 2692 Ducis
596 2633 701 2694 Caroli
716 2631 873 2692 Theodori
895 2631 1034 2694 charitas
1055 2649 1134 2709 erga
1153 2649 1226 2708 pro-

260 2726 351 2804 fugos
373 2725 614 2786 ecclesiasticos.
631 2727 672 2785 II.
688 2725 739 2786 89.

320 2819 423 2897 Belgii
444 2819 669 2897 Episcoporum
694 2818 812 2896 optima
838 2819 950 2896 agendi
977 2817 1070 2879 ratic.
1089 2819 1129 2878 ΙΙ.
1149 2817 1221 2878 169.

319 2914 527 2974 Bituriceusis
539 2913 695 2974 Dioeessis
711 2913 861 2972 Perochis
872 2911 1166 2974 scribithrdinalis
1183 2913 1222 2970 de

264 3008 389 3068 Zelade.
406 3010 431 3068 Ι.
450 3009 519 3067 138.

323 3101 460 3161 Briennc
481 3101 551 3182 (De)
573 3100 724 3178 Stephani
739 3101 845 3161 Caroli
866 3101 1022 3162 abdicatio
1043 3119 1062 3160 0
1082 3101 1229 3162 cardina·

263 3194 334 3253 latu
356 3194 551 3254 admittitur.
570 3198 595 3255 Ι.
611 3197 681 3256 233.

318 3287 405 3348 Boua
426 3286 638 3346 ecclesiastica
657 3291 721 3348 Deo
742 3291 924 3348 consecrata
946 3289 999 3366 qui
1020 3288 1157 3361 invadit,
1174 3305 1226 3348 sa·

260 3380 451 3457 crilegus.1.
469 3380 662 3440 97.·Eorum
685 3381 807 3442 invasio
830 3399 923 3442 causa
944 3382 1098 3441 malorum
1121 3382 1227 3440 omnis

260 3475 394 3552 generis.
417 3473 496 3534 Ibid.
515 3474 645 3540 -Quam
673 3492 762 3535 sacra
790 3475 951 3536 veteribus
970 3474 1115 3535 Francis.
1141 3475 1221 3536 Ibid.

257 3571 406 3630 -Poenae
427 3567 624 3629 invasoribus
652 3567 1023 3630 intentatae.1bid.·De
1051 3570 1223 3628 eorundem
