<?xml version="1.0" encoding="UTF-8"?>
<!DOCTYPE html PUBLIC "-//W3C//DTD XHTML 1.0 Transitional//EN"
    "http://www.w3.org/TR/xhtml1/DTD/xhtml1-transitional.dtd">
<html xmlns="http://www.w3.org/1999/xhtml" xml:lang="en" lang="en">
 <head>
  <title>
</title>
<meta http-equiv="Content-Type" content="text/html;charset=utf-8" />
  <meta name='ocr-system' content='tesseract 3.04.00' />
  <meta name='ocr-capabilities' content='ocr_page ocr_carea ocr_par ocr_line ocrx_word'/>
</head>
<body>
  <div class='ocr_page' id='page_1' title='image "./piivipontmaxact02piusgoog_0185.png"; bbox 0 0 2624 4260; ppageno 0'>
   <div class='ocr_carea' id='block_1_1' title="bbox 436 332 615 391">
    <p class='ocr_par' dir='ltr' id='par_1_1' title="bbox 436 332 615 391">
     <span class='ocr_line' id='line_1_1' title="bbox 436 332 615 391; baseline 0 0"><span class='ocrx_word' id='word_1_1' title='bbox 436 332 615 391; x_wconf 84' lang='lat'><strong>-173-</strong></span> 
     </span>
    </p>
   </div>
   <div class='ocr_carea' id='block_1_2' title="bbox 32 435 1035 3126">
    <p class='ocr_par' dir='ltr' id='par_1_2' title="bbox 42 435 1005 871">
     <span class='ocr_line' id='line_1_2' title="bbox 42 435 1004 519; baseline 0.006 -23"><span class='ocrx_word' id='word_1_2' title='bbox 42 435 262 514; x_wconf 87' lang='lat' dir='ltr'>impedimenta</span> <span class='ocrx_word' id='word_1_3' title='bbox 277 439 464 513; x_wconf 89' lang='lat' dir='ltr'>temporum,</span> <span class='ocrx_word' id='word_1_4' title='bbox 482 455 541 496; x_wconf 92' lang='lat' dir='ltr'>non</span> <span class='ocrx_word' id='word_1_5' title='bbox 564 441 669 497; x_wconf 92' lang='lat' dir='ltr'>autem</span> <span class='ocrx_word' id='word_1_6' title='bbox 692 441 821 515; x_wconf 91' lang='lat' dir='ltr'>propter</span> <span class='ocrx_word' id='word_1_7' title='bbox 842 441 1004 519; x_wconf 84' lang='lat' dir='ltr'>negligen-</span> 
     </span>
     <span class='ocr_line' id='line_1_3' title="bbox 43 529 1004 612; baseline 0.005 -22"><span class='ocrx_word' id='word_1_8' title='bbox 43 531 115 590; x_wconf 89' lang='lat' dir='ltr'>tiam</span> <span class='ocrx_word' id='word_1_9' title='bbox 137 536 224 590; x_wconf 91' lang='lat' dir='ltr'>tuam</span> <span class='ocrx_word' id='word_1_10' title='bbox 246 529 363 588; x_wconf 85' lang='lat' dir='ltr'>factum</span> <span class='ocrx_word' id='word_1_11' title='bbox 386 547 446 588; x_wconf 92' lang='lat' dir='ltr'>nou</span> <span class='ocrx_word' id='word_1_12' title='bbox 469 530 578 590; x_wconf 86' lang='lat' dir='ltr'>fuerit.</span> <span class='ocrx_word' id='word_1_13' title='bbox 596 531 653 591; x_wconf 83' lang='lat' dir='ltr'>(lui</span> <span class='ocrx_word' id='word_1_14' title='bbox 673 535 776 592; x_wconf 90' lang='lat' dir='ltr'>tamen</span> <span class='ocrx_word' id='word_1_15' title='bbox 798 535 945 612; x_wconf 84' lang='lat' dir='ltr'>religioni</span> <span class='ocrx_word' id='word_1_16' title='bbox 968 540 1004 595; x_wconf 92' lang='lat' dir='ltr'>ut</span> 
     </span>
     <span class='ocr_line' id='line_1_4' title="bbox 43 623 1004 706; baseline 0.006 -24"><span class='ocrx_word' id='word_1_17' title='bbox 43 623 213 688; x_wconf 77' lang='lat' dir='ltr'>satisfacias</span> <span class='ocrx_word' id='word_1_18' title='bbox 227 641 284 700; x_wconf 90' lang='lat' dir='ltr'>per</span> <span class='ocrx_word' id='word_1_19' title='bbox 298 627 418 682; x_wconf 87' lang='lat' dir='ltr'>eosdem</span> <span class='ocrx_word' id='word_1_20' title='bbox 432 629 653 700; x_wconf 81' lang='lat' dir='ltr'>procuratores</span> <span class='ocrx_word' id='word_1_21' title='bbox 669 629 739 686; x_wconf 89' lang='lat' dir='ltr'>tuos</span> <span class='ocrx_word' id='word_1_22' title='bbox 752 631 924 688; x_wconf 90' lang='lat' dir='ltr'>curandum</span> <span class='ocrx_word' id='word_1_23' title='bbox 937 629 1004 706; x_wconf 90' lang='lat' dir='ltr'>qui·</span> 
     </span>
     <span class='ocr_line' id='line_1_5' title="bbox 42 717 1005 800; baseline 0.007 -25"><span class='ocrx_word' id='word_1_24' title='bbox 42 719 106 776; x_wconf 89' lang='lat' dir='ltr'>dem</span> <span class='ocrx_word' id='word_1_25' title='bbox 129 717 189 778; x_wconf 88' lang='lat' dir='ltr'>tibi</span> <span class='ocrx_word' id='word_1_26' title='bbox 204 717 279 789; x_wconf 90' lang='lat' dir='ltr'>erit,</span> <span class='ocrx_word' id='word_1_27' title='bbox 293 721 506 779; x_wconf 81' lang='lat' dir='ltr'>verumtamen</span> <span class='ocrx_word' id='word_1_28' title='bbox 531 737 600 777; x_wconf 91' lang='lat' dir='ltr'>cum</span> <span class='ocrx_word' id='word_1_29' title='bbox 622 721 765 796; x_wconf 83' lang='lat' dir='ltr'>tempora</span> <span class='ocrx_word' id='word_1_30' title='bbox 784 721 887 781; x_wconf 90' lang='lat' dir='ltr'>miuus</span> <span class='ocrx_word' id='word_1_31' title='bbox 909 722 1005 800; x_wconf 88' lang='lat' dir='ltr'>impe-</span> 
     </span>
     <span class='ocr_line' id='line_1_6' title="bbox 42 810 384 871; baseline 0.003 -2"><span class='ocrx_word' id='word_1_32' title='bbox 42 811 103 871; x_wconf 87' lang='lat' dir='ltr'>dita</span> <span class='ocrx_word' id='word_1_33' title='bbox 123 811 154 869; x_wconf 92' lang='lat' dir='ltr'>id</span> <span class='ocrx_word' id='word_1_34' title='bbox 178 810 248 870; x_wconf 85' lang='lat' dir='ltr'>lieri</span> <span class='ocrx_word' id='word_1_35' title='bbox 270 811 384 871; x_wconf 88' lang='lat' dir='ltr'>sinent.</span> 
     </span>
    </p>

    <p class='ocr_par' dir='ltr' id='par_1_3' title="bbox 36 904 1004 1899">
     <span class='ocr_line' id='line_1_7' title="bbox 94 904 1003 981; baseline 0.004 -16"><span class='ocrx_word' id='word_1_36' title='bbox 94 905 236 981; x_wconf 88' lang='lat' dir='ltr'>Idipsnm</span> <span class='ocrx_word' id='word_1_37' title='bbox 261 905 433 980; x_wconf 87' lang='lat' dir='ltr'>putandum</span> <span class='ocrx_word' id='word_1_38' title='bbox 457 904 514 964; x_wconf 92' lang='lat' dir='ltr'>tibi</span> <span class='ocrx_word' id='word_1_39' title='bbox 537 907 605 978; x_wconf 90' lang='lat' dir='ltr'>est,</span> <span class='ocrx_word' id='word_1_40' title='bbox 628 905 708 980; x_wconf 90' lang='lat' dir='ltr'>quod</span> <span class='ocrx_word' id='word_1_41' title='bbox 737 909 873 968; x_wconf 89' lang='lat' dir='ltr'>nondum</span> <span class='ocrx_word' id='word_1_42' title='bbox 902 910 1003 969; x_wconf 89' lang='lat' dir='ltr'>adhuc</span> 
     </span>
     <span class='ocr_line' id='line_1_8' title="bbox 40 995 1002 1076; baseline 0.008 -22"><span class='ocrx_word' id='word_1_43' title='bbox 40 997 72 1054; x_wconf 90' lang='lat' dir='ltr'>de</span> <span class='ocrx_word' id='word_1_44' title='bbox 93 999 181 1056; x_wconf 88' lang='lat' dir='ltr'>statu</span> <span class='ocrx_word' id='word_1_45' title='bbox 202 995 359 1056; x_wconf 77' lang='lat' dir='ltr'>Ecclesiae</span> <span class='ocrx_word' id='word_1_46' title='bbox 389 1015 424 1056; x_wconf 90' lang='lat' dir='ltr'>ac</span> <span class='ocrx_word' id='word_1_47' title='bbox 453 995 601 1057; x_wconf 89' lang='lat' dir='ltr'>dioecesis</span> <span class='ocrx_word' id='word_1_48' title='bbox 633 1000 705 1056; x_wconf 91' lang='lat' dir='ltr'>tuae</span> <span class='ocrx_word' id='word_1_49' title='bbox 732 1000 769 1057; x_wconf 91' lang='lat' dir='ltr'>ad</span> <span class='ocrx_word' id='word_1_50' title='bbox 791 1002 1002 1076; x_wconf 91' lang='lat' dir='ltr'>Apostolicam</span> 
     </span>
     <span class='ocr_line' id='line_1_9' title="bbox 39 1089 1003 1168; baseline 0.008 -19"><span class='ocrx_word' id='word_1_51' title='bbox 39 1091 146 1149; x_wconf 90' lang='lat' dir='ltr'>Sedem</span> <span class='ocrx_word' id='word_1_52' title='bbox 167 1089 343 1167; x_wconf 86' lang='lat' dir='ltr'>scripseris.</span> <span class='ocrx_word' id='word_1_53' title='bbox 368 1091 540 1150; x_wconf 87' lang='lat' dir='ltr'>Dolendum</span> <span class='ocrx_word' id='word_1_54' title='bbox 562 1091 686 1167; x_wconf 87' lang='lat' dir='ltr'>quidem</span> <span class='ocrx_word' id='word_1_55' title='bbox 709 1091 768 1152; x_wconf 88' lang='lat' dir='ltr'>tibi</span> <span class='ocrx_word' id='word_1_56' title='bbox 791 1099 886 1168; x_wconf 88' lang='lat' dir='ltr'>esset,</span> <span class='ocrx_word' id='word_1_57' title='bbox 902 1095 929 1154; x_wconf 92' lang='lat' dir='ltr'>si</span> <span class='ocrx_word' id='word_1_58' title='bbox 948 1116 1003 1157; x_wconf 90' lang='lat' dir='ltr'>nec</span> 
     </span>
     <span class='ocr_line' id='line_1_10' title="bbox 38 1185 1004 1266; baseline 0.009 -24"><span class='ocrx_word' id='word_1_59' title='bbox 38 1185 117 1245; x_wconf 89' lang='lat' dir='ltr'>mala</span> <span class='ocrx_word' id='word_1_60' title='bbox 139 1185 305 1260; x_wconf 85' lang='lat' dir='ltr'>valetudo,</span> <span class='ocrx_word' id='word_1_61' title='bbox 322 1203 377 1245; x_wconf 93' lang='lat' dir='ltr'>nec</span> <span class='ocrx_word' id='word_1_62' title='bbox 400 1185 551 1262; x_wconf 90' lang='lat' dir='ltr'>temporis</span> <span class='ocrx_word' id='word_1_63' title='bbox 570 1185 738 1263; x_wconf 85' lang='lat' dir='ltr'>angustiae</span> <span class='ocrx_word' id='word_1_64' title='bbox 753 1187 876 1265; x_wconf 82' lang='lat' dir='ltr'>aliaque</span> <span class='ocrx_word' id='word_1_65' title='bbox 893 1193 1004 1266; x_wconf 87' lang='lat' dir='ltr'>gravia</span> 
     </span>
     <span class='ocr_line' id='line_1_11' title="bbox 36 1277 1003 1358; baseline 0.009 -23"><span class='ocrx_word' id='word_1_66' title='bbox 36 1277 275 1356; x_wconf 85' lang='lat' dir='ltr'>impedimenta,</span> <span class='ocrx_word' id='word_1_67' title='bbox 298 1285 335 1339; x_wconf 91' lang='lat' dir='ltr'>ut</span> <span class='ocrx_word' id='word_1_68' title='bbox 355 1279 484 1352; x_wconf 88' lang='lat' dir='ltr'>scribis,</span> <span class='ocrx_word' id='word_1_69' title='bbox 508 1281 540 1338; x_wconf 90' lang='lat' dir='ltr'>te</span> <span class='ocrx_word' id='word_1_70' title='bbox 562 1279 814 1355; x_wconf 78' lang='lat' dir='ltr'>prohibuissent,</span> <span class='ocrx_word' id='word_1_71' title='bbox 838 1285 1003 1358; x_wconf 88' lang='lat' dir='ltr'>quominus</span> 
     </span>
     <span class='ocr_line' id='line_1_12' title="bbox 37 1369 1003 1450; baseline 0.007 -21"><span class='ocrx_word' id='word_1_72' title='bbox 37 1369 65 1430; x_wconf 89' lang='lat' dir='ltr'>id</span> <span class='ocrx_word' id='word_1_73' title='bbox 86 1372 180 1432; x_wconf 89' lang='lat' dir='ltr'>intra</span> <span class='ocrx_word' id='word_1_74' title='bbox 200 1390 315 1432; x_wconf 90' lang='lat' dir='ltr'>anuum</span> <span class='ocrx_word' id='word_1_75' title='bbox 337 1371 428 1433; x_wconf 84' lang='lat' dir='ltr'>iuxta</span> <span class='ocrx_word' id='word_1_76' title='bbox 442 1371 575 1434; x_wconf 80' lang='lat' dir='ltr'>Consilii</span> <span class='ocrx_word' id='word_1_77' title='bbox 591 1372 770 1431; x_wconf 80' lang='lat' dir='ltr'>Tridentini</span> <span class='ocrx_word' id='word_1_78' title='bbox 792 1373 878 1450; x_wconf 87' lang='lat' dir='ltr'>leges</span> <span class='ocrx_word' id='word_1_79' title='bbox 900 1376 1003 1436; x_wconf 84' lang='lat' dir='ltr'>facere</span> 
     </span>
     <span class='ocr_line' id='line_1_13' title="bbox 36 1464 1003 1541; baseline 0.003 -18"><span class='ocrx_word' id='word_1_80' title='bbox 36 1464 156 1537; x_wconf 84' lang='lat' dir='ltr'>liceret3</span> <span class='ocrx_word' id='word_1_81' title='bbox 180 1469 213 1524; x_wconf 89' lang='lat' dir='ltr'>et</span> <span class='ocrx_word' id='word_1_82' title='bbox 233 1465 349 1524; x_wconf 92' lang='lat' dir='ltr'>merito</span> <span class='ocrx_word' id='word_1_83' title='bbox 372 1469 447 1524; x_wconf 93' lang='lat' dir='ltr'>tunc</span> <span class='ocrx_word' id='word_1_84' title='bbox 469 1464 593 1541; x_wconf 90' lang='lat' dir='ltr'>quidem</span> <span class='ocrx_word' id='word_1_85' title='bbox 616 1464 846 1524; x_wconf 87' lang='lat' dir='ltr'>absolutionem</span> <span class='ocrx_word' id='word_1_86' title='bbox 868 1485 887 1526; x_wconf 90' lang='lat' dir='ltr'>a</span> <span class='ocrx_word' id='word_1_87' title='bbox 906 1469 1003 1528; x_wconf 90' lang='lat' dir='ltr'>Nobis</span> 
     </span>
     <span class='ocr_line' id='line_1_14' title="bbox 38 1557 1001 1644; baseline 0.005 -27"><span class='ocrx_word' id='word_1_88' title='bbox 38 1559 223 1635; x_wconf 88' lang='lat' dir='ltr'>postulares.</span> <span class='ocrx_word' id='word_1_89' title='bbox 246 1557 347 1624; x_wconf 88' lang='lat' dir='ltr'>Quum</span> <span class='ocrx_word' id='word_1_90' title='bbox 371 1575 450 1644; x_wconf 86' lang='lat' dir='ltr'>vero</span> <span class='ocrx_word' id='word_1_91' title='bbox 470 1560 535 1616; x_wconf 88' lang='lat' dir='ltr'>tarn</span> <span class='ocrx_word' id='word_1_92' title='bbox 559 1557 652 1616; x_wconf 91' lang='lat' dir='ltr'>iustis</span> <span class='ocrx_word' id='word_1_93' title='bbox 673 1559 709 1617; x_wconf 88' lang='lat' dir='ltr'>de</span> <span class='ocrx_word' id='word_1_94' title='bbox 733 1559 832 1618; x_wconf 90' lang='lat' dir='ltr'>causis</span> <span class='ocrx_word' id='word_1_95' title='bbox 854 1560 927 1619; x_wconf 93' lang='lat' dir='ltr'>huic</span> <span class='ocrx_word' id='word_1_96' title='bbox 949 1567 1001 1622; x_wconf 90' lang='lat' dir='ltr'>tuo</span> 
     </span>
     <span class='ocr_line' id='line_1_15' title="bbox 37 1651 1004 1728; baseline 0.005 -18"><span class='ocrx_word' id='word_1_97' title='bbox 37 1653 138 1712; x_wconf 91' lang='lat' dir='ltr'>debito</span> <span class='ocrx_word' id='word_1_98' title='bbox 162 1651 346 1712; x_wconf 85' lang='lat' dir='ltr'>satisfacere</span> <span class='ocrx_word' id='word_1_99' title='bbox 368 1653 502 1714; x_wconf 91' lang='lat' dir='ltr'>nondum</span> <span class='ocrx_word' id='word_1_100' title='bbox 526 1651 679 1728; x_wconf 90' lang='lat' dir='ltr'>potueris,</span> <span class='ocrx_word' id='word_1_101' title='bbox 704 1670 761 1712; x_wconf 94' lang='lat' dir='ltr'>uou</span> <span class='ocrx_word' id='word_1_102' title='bbox 785 1653 926 1714; x_wconf 85' lang='lat' dir='ltr'>videmus</span> <span class='ocrx_word' id='word_1_103' title='bbox 947 1673 1004 1715; x_wconf 89' lang='lat' dir='ltr'>cur</span> 
     </span>
     <span class='ocr_line' id='line_1_16' title="bbox 36 1743 1001 1822; baseline 0.004 -18"><span class='ocrx_word' id='word_1_104' title='bbox 36 1746 194 1821; x_wconf 89' lang='lat' dir='ltr'>postules,</span> <span class='ocrx_word' id='word_1_105' title='bbox 218 1749 254 1804; x_wconf 88' lang='lat' dir='ltr'>ut</span> <span class='ocrx_word' id='word_1_106' title='bbox 275 1744 315 1803; x_wconf 91' lang='lat' dir='ltr'>iis</span> <span class='ocrx_word' id='word_1_107' title='bbox 338 1743 474 1805; x_wconf 87' lang='lat' dir='ltr'>vinculis</span> <span class='ocrx_word' id='word_1_108' title='bbox 496 1744 649 1816; x_wconf 86' lang='lat' dir='ltr'>solvaris,</span> <span class='ocrx_word' id='word_1_109' title='bbox 672 1746 783 1822; x_wconf 92' lang='lat' dir='ltr'>quibus</span> <span class='ocrx_word' id='word_1_110' title='bbox 806 1747 893 1807; x_wconf 92' lang='lat' dir='ltr'>nullo</span> <span class='ocrx_word' id='word_1_111' title='bbox 914 1749 1001 1809; x_wconf 93' lang='lat' dir='ltr'>modo</span> 
     </span>
     <span class='ocr_line' id='line_1_17' title="bbox 37 1839 357 1899; baseline 0.006 -2"><span class='ocrx_word' id='word_1_112' title='bbox 37 1840 150 1899; x_wconf 88' lang='lat' dir='ltr'>videris</span> <span class='ocrx_word' id='word_1_113' title='bbox 174 1839 357 1899; x_wconf 88' lang='lat' dir='ltr'>obstrictus.</span> 
     </span>
    </p>

    <p class='ocr_par' dir='ltr' id='par_1_4' title="bbox 32 1931 1035 3031">
     <span class='ocr_line' id='line_1_18' title="bbox 90 1931 1003 2009; baseline 0.001 -16"><span class='ocrx_word' id='word_1_114' title='bbox 90 1932 202 1993; x_wconf 90' lang='lat' dir='ltr'>Nihilo</span> <span class='ocrx_word' id='word_1_115' title='bbox 224 1935 329 1992; x_wconf 89' lang='lat' dir='ltr'>tamen</span> <span class='ocrx_word' id='word_1_116' title='bbox 351 1931 454 1990; x_wconf 91' lang='lat' dir='ltr'>minus</span> <span class='ocrx_word' id='word_1_117' title='bbox 468 1931 700 1990; x_wconf 91' lang='lat' dir='ltr'>absolutionem</span> <span class='ocrx_word' id='word_1_118' title='bbox 715 1951 808 2009; x_wconf 89' lang='lat' dir='ltr'>quam</span> <span class='ocrx_word' id='word_1_119' title='bbox 824 1933 916 2009; x_wconf 90' lang='lat' dir='ltr'>petis,</span> <span class='ocrx_word' id='word_1_120' title='bbox 929 1934 1003 1994; x_wconf 86' lang='lat' dir='ltr'>mit-</span> 
     </span>
     <span class='ocr_line' id='line_1_19' title="bbox 35 2023 1035 2101; baseline -0.001 -18"><span class='ocrx_word' id='word_1_121' title='bbox 35 2025 144 2096; x_wconf 84' lang='lat' dir='ltr'>timus,</span> <span class='ocrx_word' id='word_1_122' title='bbox 170 2029 262 2101; x_wconf 91' lang='lat' dir='ltr'>teque</span> <span class='ocrx_word' id='word_1_123' title='bbox 287 2026 325 2084; x_wconf 91' lang='lat' dir='ltr'>ad</span> <span class='ocrx_word' id='word_1_124' title='bbox 351 2041 472 2083; x_wconf 90' lang='lat' dir='ltr'>omnem</span> <span class='ocrx_word' id='word_1_125' title='bbox 495 2023 723 2083; x_wconf 85' lang='lat' dir='ltr'>dubitationem</span> <span class='ocrx_word' id='word_1_126' title='bbox 746 2025 842 2085; x_wconf 90' lang='lat' dir='ltr'>animi</span> <span class='ocrx_word' id='word_1_127' title='bbox 865 2027 913 2086; x_wconf 91' lang='lat' dir='ltr'>tui</span> <span class='ocrx_word' id='word_1_128' title='bbox 937 2029 1002 2087; x_wconf 88' lang='lat' dir='ltr'>tol·</span> <span class='ocrx_word' id='word_1_129' title='bbox 1033 2077 1035 2082; x_wconf 91' lang='lat'><em>.</em></span> 
     </span>
     <span class='ocr_line' id='line_1_20' title="bbox 34 2116 1004 2193; baseline 0.005 -18"><span class='ocrx_word' id='word_1_130' title='bbox 34 2116 155 2177; x_wconf 89' lang='lat' dir='ltr'>leudam</span> <span class='ocrx_word' id='word_1_131' title='bbox 179 2117 322 2176; x_wconf 89' lang='lat' dir='ltr'>omnibus</span> <span class='ocrx_word' id='word_1_132' title='bbox 343 2117 450 2193; x_wconf 91' lang='lat' dir='ltr'>poenis</span> <span class='ocrx_word' id='word_1_133' title='bbox 471 2116 630 2176; x_wconf 90' lang='lat' dir='ltr'>canonicis</span> <span class='ocrx_word' id='word_1_134' title='bbox 662 2117 834 2178; x_wconf 91' lang='lat' dir='ltr'>liberatum</span> <span class='ocrx_word' id='word_1_135' title='bbox 863 2121 1004 2180; x_wconf 90' lang='lat' dir='ltr'>declara·</span> 
     </span>
     <span class='ocr_line' id='line_1_21' title="bbox 33 2209 1003 2286; baseline 0.004 -18"><span class='ocrx_word' id='word_1_136' title='bbox 33 2229 117 2284; x_wconf 89' lang='lat' dir='ltr'>mus,</span> <span class='ocrx_word' id='word_1_137' title='bbox 141 2211 169 2270; x_wconf 88' lang='lat' dir='ltr'>si</span> <span class='ocrx_word' id='word_1_138' title='bbox 190 2210 274 2270; x_wconf 82' lang='lat' dir='ltr'>forte</span> <span class='ocrx_word' id='word_1_139' title='bbox 303 2213 366 2270; x_wconf 91' lang='lat' dir='ltr'>tam</span> <span class='ocrx_word' id='word_1_140' title='bbox 389 2210 420 2268; x_wconf 93' lang='lat' dir='ltr'>in</span> <span class='ocrx_word' id='word_1_141' title='bbox 443 2209 639 2269; x_wconf 84' lang='lat' dir='ltr'>visitationis</span> <span class='ocrx_word' id='word_1_142' title='bbox 667 2228 757 2286; x_wconf 87' lang='lat' dir='ltr'>quam</span> <span class='ocrx_word' id='word_1_143' title='bbox 783 2211 815 2268; x_wconf 94' lang='lat' dir='ltr'>in</span> <span class='ocrx_word' id='word_1_144' title='bbox 838 2213 1003 2273; x_wconf 83' lang='lat' dir='ltr'>relationis</span> 
     </span>
     <span class='ocr_line' id='line_1_22' title="bbox 34 2303 1002 2381; baseline 0.004 -21"><span class='ocrx_word' id='word_1_145' title='bbox 34 2305 160 2381; x_wconf 86' lang='lat' dir='ltr'>negotio</span> <span class='ocrx_word' id='word_1_146' title='bbox 188 2303 293 2380; x_wconf 90' lang='lat' dir='ltr'>aliquo</span> <span class='ocrx_word' id='word_1_147' title='bbox 315 2306 347 2362; x_wconf 93' lang='lat' dir='ltr'>te</span> <span class='ocrx_word' id='word_1_148' title='bbox 369 2303 497 2362; x_wconf 83' lang='lat' dir='ltr'>viuculo</span> <span class='ocrx_word' id='word_1_149' title='bbox 526 2303 757 2376; x_wconf 83' lang='lat' dir='ltr'>obstrinxeris,</span> <span class='ocrx_word' id='word_1_150' title='bbox 781 2323 841 2380; x_wconf 91' lang='lat' dir='ltr'>quo</span> <span class='ocrx_word' id='word_1_151' title='bbox 862 2323 918 2381; x_wconf 92' lang='lat' dir='ltr'>per</span> <span class='ocrx_word' id='word_1_152' title='bbox 938 2308 1002 2368; x_wconf 90' lang='lat' dir='ltr'>Nos</span> 
     </span>
     <span class='ocr_line' id='line_1_23' title="bbox 34 2397 1003 2474; baseline 0.003 -19"><span class='ocrx_word' id='word_1_153' title='bbox 34 2398 112 2456; x_wconf 87' lang='lat' dir='ltr'>solvi</span> <span class='ocrx_word' id='word_1_154' title='bbox 135 2397 259 2456; x_wconf 87' lang='lat' dir='ltr'>debeas.</span> <span class='ocrx_word' id='word_1_155' title='bbox 278 2397 365 2462; x_wconf 90' lang='lat' dir='ltr'>Quod</span> <span class='ocrx_word' id='word_1_156' title='bbox 389 2401 506 2469; x_wconf 88' lang='lat' dir='ltr'>tamen,</span> <span class='ocrx_word' id='word_1_157' title='bbox 522 2414 615 2472; x_wconf 91' lang='lat' dir='ltr'>quum</span> <span class='ocrx_word' id='word_1_158' title='bbox 639 2400 703 2456; x_wconf 89' lang='lat' dir='ltr'>tam</span> <span class='ocrx_word' id='word_1_159' title='bbox 728 2402 894 2474; x_wconf 88' lang='lat' dir='ltr'>perspecta</span> <span class='ocrx_word' id='word_1_160' title='bbox 908 2399 1003 2459; x_wconf 92' lang='lat' dir='ltr'>Nobis</span> 
     </span>
     <span class='ocr_line' id='line_1_24' title="bbox 33 2489 1002 2568; baseline 0.003 -20"><span class='ocrx_word' id='word_1_161' title='bbox 33 2493 84 2550; x_wconf 85' lang='lat' dir='ltr'>tua</span> <span class='ocrx_word' id='word_1_162' title='bbox 104 2491 151 2550; x_wconf 89' lang='lat' dir='ltr'>sit</span> <span class='ocrx_word' id='word_1_163' title='bbox 172 2489 277 2550; x_wconf 84' lang='lat' dir='ltr'>virtus</span> <span class='ocrx_word' id='word_1_164' title='bbox 298 2494 392 2565; x_wconf 89' lang='lat' dir='ltr'>atque</span> <span class='ocrx_word' id='word_1_165' title='bbox 415 2490 446 2548; x_wconf 92' lang='lat' dir='ltr'>iu</span> <span class='ocrx_word' id='word_1_166' title='bbox 469 2489 553 2548; x_wconf 92' lang='lat' dir='ltr'>omni</span> <span class='ocrx_word' id='word_1_167' title='bbox 577 2489 676 2550; x_wconf 89' lang='lat' dir='ltr'>officio</span> <span class='ocrx_word' id='word_1_168' title='bbox 696 2490 851 2566; x_wconf 87' lang='lat' dir='ltr'>explendo</span> <span class='ocrx_word' id='word_1_169' title='bbox 869 2491 1002 2568; x_wconf 86' lang='lat' dir='ltr'>diligen-</span> 
     </span>
     <span class='ocr_line' id='line_1_25' title="bbox 34 2582 1002 2660; baseline 0.002 -20"><span class='ocrx_word' id='word_1_170' title='bbox 34 2583 88 2656; x_wconf 87' lang='lat' dir='ltr'>tia,</span> <span class='ocrx_word' id='word_1_171' title='bbox 106 2601 147 2642; x_wconf 88' lang='lat' dir='ltr'>ne</span> <span class='ocrx_word' id='word_1_172' title='bbox 164 2582 315 2660; x_wconf 88' lang='lat' dir='ltr'>suspicari</span> <span class='ocrx_word' id='word_1_173' title='bbox 331 2585 453 2660; x_wconf 88' lang='lat' dir='ltr'>quidem</span> <span class='ocrx_word' id='word_1_174' title='bbox 476 2583 514 2641; x_wconf 91' lang='lat' dir='ltr'>de</span> <span class='ocrx_word' id='word_1_175' title='bbox 538 2586 567 2641; x_wconf 91' lang='lat' dir='ltr'>te</span> <span class='ocrx_word' id='word_1_176' title='bbox 589 2601 762 2659; x_wconf 90' lang='lat' dir='ltr'>possumus.</span> <span class='ocrx_word' id='word_1_177' title='bbox 779 2586 823 2645; x_wconf 92' lang='lat' dir='ltr'>Ut</span> <span class='ocrx_word' id='word_1_178' title='bbox 837 2601 911 2643; x_wconf 88' lang='lat' dir='ltr'>vero</span> <span class='ocrx_word' id='word_1_179' title='bbox 926 2603 1002 2660; x_wconf 92' lang='lat' dir='ltr'>pen-</span> 
     </span>
     <span class='ocr_line' id='line_1_26' title="bbox 32 2675 1000 2753; baseline 0.002 -21"><span class='ocrx_word' id='word_1_180' title='bbox 32 2676 100 2736; x_wconf 90' lang='lat' dir='ltr'>dere</span> <span class='ocrx_word' id='word_1_181' title='bbox 123 2675 223 2736; x_wconf 89' lang='lat' dir='ltr'>animi</span> <span class='ocrx_word' id='word_1_182' title='bbox 248 2677 383 2752; x_wconf 87' lang='lat' dir='ltr'>amplius</span> <span class='ocrx_word' id='word_1_183' title='bbox 405 2695 463 2736; x_wconf 93' lang='lat' dir='ltr'>uon</span> <span class='ocrx_word' id='word_1_184' title='bbox 487 2676 610 2749; x_wconf 77' lang='lat' dir='ltr'>debeas,</span> <span class='ocrx_word' id='word_1_185' title='bbox 631 2677 783 2753; x_wconf 90' lang='lat' dir='ltr'>temporis</span> <span class='ocrx_word' id='word_1_186' title='bbox 804 2676 940 2752; x_wconf 91' lang='lat' dir='ltr'>spatium</span> <span class='ocrx_word' id='word_1_187' title='bbox 962 2679 1000 2735; x_wconf 91' lang='lat' dir='ltr'>ad</span> 
     </span>
     <span class='ocr_line' id='line_1_27' title="bbox 33 2765 999 2846; baseline -0.001 -19"><span class='ocrx_word' id='word_1_188' title='bbox 33 2765 197 2846; x_wconf 89' lang='lat' dir='ltr'>utramque</span> <span class='ocrx_word' id='word_1_189' title='bbox 219 2787 284 2828; x_wconf 89' lang='lat' dir='ltr'>rem</span> <span class='ocrx_word' id='word_1_190' title='bbox 307 2770 531 2830; x_wconf 87' lang='lat' dir='ltr'>conficiendam</span> <span class='ocrx_word' id='word_1_191' title='bbox 548 2769 606 2830; x_wconf 90' lang='lat' dir='ltr'>tibi</span> <span class='ocrx_word' id='word_1_192' title='bbox 622 2773 658 2830; x_wconf 92' lang='lat' dir='ltr'>ad</span> <span class='ocrx_word' id='word_1_193' title='bbox 676 2770 812 2830; x_wconf 85' lang='lat' dir='ltr'>alterum</span> <span class='ocrx_word' id='word_1_194' title='bbox 828 2769 999 2828; x_wconf 87' lang='lat' dir='ltr'>triennium</span> 
     </span>
     <span class='ocr_line' id='line_1_28' title="bbox 33 2861 1001 2939; baseline 0.001 -19"><span class='ocrx_word' id='word_1_195' title='bbox 33 2879 255 2939; x_wconf 81' lang='lat' dir='ltr'>prorogamus,</span> <span class='ocrx_word' id='word_1_196' title='bbox 279 2867 315 2922; x_wconf 90' lang='lat' dir='ltr'>ut</span> <span class='ocrx_word' id='word_1_197' title='bbox 336 2868 369 2922; x_wconf 86' lang='lat' dir='ltr'>et</span> <span class='ocrx_word' id='word_1_198' title='bbox 389 2863 445 2922; x_wconf 86' lang='lat' dir='ltr'>SS.</span> <span class='ocrx_word' id='word_1_199' title='bbox 462 2863 622 2938; x_wconf 87' lang='lat' dir='ltr'>Apostolis</span> <span class='ocrx_word' id='word_1_200' title='bbox 644 2865 776 2922; x_wconf 89' lang='lat' dir='ltr'>honores</span> <span class='ocrx_word' id='word_1_201' title='bbox 804 2861 902 2920; x_wconf 88' lang='lat' dir='ltr'>debiti</span> <span class='ocrx_word' id='word_1_202' title='bbox 928 2864 1001 2921; x_wconf 90' lang='lat' dir='ltr'>red·</span> 
     </span>
     <span class='ocr_line' id='line_1_29' title="bbox 32 2955 859 3031; baseline -0.001 -19"><span class='ocrx_word' id='word_1_203' title='bbox 32 2955 159 3028; x_wconf 90' lang='lat' dir='ltr'>dantur,</span> <span class='ocrx_word' id='word_1_204' title='bbox 176 2959 211 3014; x_wconf 93' lang='lat' dir='ltr'>et</span> <span class='ocrx_word' id='word_1_205' title='bbox 225 2955 259 3014; x_wconf 88' lang='lat' dir='ltr'>S.</span> <span class='ocrx_word' id='word_1_206' title='bbox 276 2956 348 3014; x_wconf 90' lang='lat' dir='ltr'>Sedi</span> <span class='ocrx_word' id='word_1_207' title='bbox 365 2958 473 3031; x_wconf 90' lang='lat' dir='ltr'>pateat</span> <span class='ocrx_word' id='word_1_208' title='bbox 487 2960 589 3016; x_wconf 88' lang='lat' dir='ltr'>status</span> <span class='ocrx_word' id='word_1_209' title='bbox 604 2955 759 3016; x_wconf 83' lang='lat' dir='ltr'>Ecclesiae</span> <span class='ocrx_word' id='word_1_210' title='bbox 776 2958 859 3015; x_wconf 91' lang='lat' dir='ltr'>tuae.</span> 
     </span>
    </p>

    <p class='ocr_par' dir='ltr' id='par_1_5' title="bbox 88 3047 1001 3126">
     <span class='ocr_line' id='line_1_30' title="bbox 88 3047 1001 3126; baseline -0.001 -19"><span class='ocrx_word' id='word_1_211' title='bbox 88 3050 191 3116; x_wconf 89' lang='lat' dir='ltr'>Quam</span> <span class='ocrx_word' id='word_1_212' title='bbox 208 3049 256 3108; x_wconf 91' lang='lat' dir='ltr'>uti</span> <span class='ocrx_word' id='word_1_213' title='bbox 270 3049 511 3125; x_wconf 81' lang='lat' dir='ltr'>diligentissime</span> <span class='ocrx_word' id='word_1_214' title='bbox 534 3050 692 3110; x_wconf 90' lang='lat' dir='ltr'>custodire</span> <span class='ocrx_word' id='word_1_215' title='bbox 708 3065 832 3126; x_wconf 86' lang='lat' dir='ltr'>pergas,</span> <span class='ocrx_word' id='word_1_216' title='bbox 849 3047 897 3107; x_wconf 92' lang='lat' dir='ltr'>his</span> <span class='ocrx_word' id='word_1_217' title='bbox 912 3065 1001 3124; x_wconf 90' lang='lat' dir='ltr'>prae·</span> 
     </span>
    </p>
   </div>
   <div class='ocr_carea' id='block_1_3' title="bbox 31 3141 999 3687">
    <p class='ocr_par' dir='ltr' id='par_1_6' title="bbox 31 3141 999 3498">
     <span class='ocr_line' id='line_1_31' title="bbox 32 3141 999 3219; baseline 0.004 -21"><span class='ocrx_word' id='word_1_218' title='bbox 32 3143 139 3202; x_wconf 91' lang='lat' dir='ltr'>sertim</span> <span class='ocrx_word' id='word_1_219' title='bbox 171 3148 235 3202; x_wconf 86' lang='lat' dir='ltr'>tam</span> <span class='ocrx_word' id='word_1_220' title='bbox 261 3141 444 3218; x_wconf 79' lang='lat' dir='ltr'>periculosis</span> <span class='ocrx_word' id='word_1_221' title='bbox 473 3143 689 3219; x_wconf 77' lang='lat' dir='ltr'>temporibuS,</span> <span class='ocrx_word' id='word_1_222' title='bbox 716 3146 834 3219; x_wconf 91' lang='lat' dir='ltr'>quanto</span> <span class='ocrx_word' id='word_1_223' title='bbox 861 3141 999 3202; x_wconf 86' lang='lat' dir='ltr'>maximo</span> 
     </span>
     <span class='ocr_line' id='line_1_32' title="bbox 32 3235 999 3313; baseline 0 -19"><span class='ocrx_word' id='word_1_224' title='bbox 32 3249 192 3309; x_wconf 86' lang='lat' dir='ltr'>possumus</span> <span class='ocrx_word' id='word_1_225' title='bbox 213 3235 318 3295; x_wconf 87' lang='lat' dir='ltr'>studio</span> <span class='ocrx_word' id='word_1_226' title='bbox 340 3238 372 3294; x_wconf 90' lang='lat' dir='ltr'>te</span> <span class='ocrx_word' id='word_1_227' title='bbox 394 3237 610 3308; x_wconf 84' lang='lat' dir='ltr'>obsecrantes,</span> <span class='ocrx_word' id='word_1_228' title='bbox 634 3235 694 3296; x_wconf 93' lang='lat' dir='ltr'>tibi</span> <span class='ocrx_word' id='word_1_229' title='bbox 715 3235 919 3313; x_wconf 88' lang='lat' dir='ltr'>apostolicam</span> <span class='ocrx_word' id='word_1_230' title='bbox 945 3235 999 3294; x_wconf 87' lang='lat' dir='ltr'>be-</span> 
     </span>
     <span class='ocr_line' id='line_1_33' title="bbox 32 3327 999 3406; baseline 0.002 -22"><span class='ocrx_word' id='word_1_231' title='bbox 32 3327 239 3388; x_wconf 88' lang='lat' dir='ltr'>nedictionem</span> <span class='ocrx_word' id='word_1_232' title='bbox 262 3328 387 3404; x_wconf 89' lang='lat' dir='ltr'>paterni</span> <span class='ocrx_word' id='word_1_233' title='bbox 409 3329 505 3389; x_wconf 90' lang='lat' dir='ltr'>animi</span> <span class='ocrx_word' id='word_1_234' title='bbox 526 3328 636 3391; x_wconf 91' lang='lat' dir='ltr'>Nostri</span> <span class='ocrx_word' id='word_1_235' title='bbox 657 3327 770 3406; x_wconf 81' lang='lat' dir='ltr'>pignus</span> <span class='ocrx_word' id='word_1_236' title='bbox 798 3330 999 3404; x_wconf 86' lang='lat' dir='ltr'>peramanter</span> 
     </span>
     <span class='ocr_line' id='line_1_34' title="bbox 31 3419 244 3498; baseline 0.014 -20"><span class='ocrx_word' id='word_1_237' title='bbox 31 3419 244 3498; x_wconf 86' lang='lat' dir='ltr'>impertimur.</span> 
     </span>
    </p>

    <p class='ocr_par' dir='ltr' id='par_1_7' title="bbox 31 3514 999 3687">
     <span class='ocr_line' id='line_1_35' title="bbox 87 3514 999 3578; baseline -0.004 -2"><span class='ocrx_word' id='word_1_238' title='bbox 87 3519 204 3576; x_wconf 81' lang='lat' dir='ltr'>[latum</span> <span class='ocrx_word' id='word_1_239' title='bbox 220 3516 404 3576; x_wconf 82' lang='lat' dir='ltr'>Florentiae</span> <span class='ocrx_word' id='word_1_240' title='bbox 421 3516 452 3574; x_wconf 93' lang='lat' dir='ltr'>in</span> <span class='ocrx_word' id='word_1_241' title='bbox 466 3516 621 3578; x_wconf 83' lang='lat' dir='ltr'>(loeuobio</span> <span class='ocrx_word' id='word_1_242' title='bbox 636 3514 845 3576; x_wconf 86' lang='lat' dir='ltr'>Oarthusiano</span> <span class='ocrx_word' id='word_1_243' title='bbox 868 3515 916 3573; x_wconf 89' lang='lat' dir='ltr'>die</span> <span class='ocrx_word' id='word_1_244' title='bbox 938 3515 999 3572; x_wconf 88' lang='lat' dir='ltr'>XX</span> 
     </span>
     <span class='ocr_line' id='line_1_36' title="bbox 31 3606 995 3687; baseline -0.001 -21"><span class='ocrx_word' id='word_1_245' title='bbox 31 3610 165 3687; x_wconf 76' lang='lat' dir='ltr'>Augusti</span> <span class='ocrx_word' id='word_1_246' title='bbox 178 3611 428 3684; x_wconf 85' lang='lat' dir='ltr'>MDGGXOVIII,</span> <span class='ocrx_word' id='word_1_247' title='bbox 441 3610 650 3670; x_wconf 79' lang='lat' dir='ltr'>Pontificatus</span> <span class='ocrx_word' id='word_1_248' title='bbox 660 3609 770 3668; x_wconf 89' lang='lat' dir='ltr'>Nostri</span> <span class='ocrx_word' id='word_1_249' title='bbox 785 3625 865 3668; x_wconf 90' lang='lat' dir='ltr'>anno</span> <span class='ocrx_word' id='word_1_250' title='bbox 877 3606 995 3668; x_wconf 89' lang='lat' dir='ltr'><strong>XXIV.</strong></span> 
     </span>
    </p>
   </div>
   <div class='ocr_carea' id='block_1_4' title="bbox 0 0 1316 4260">
    <p class='ocr_par' dir='ltr' id='par_1_8' title="bbox 0 0 1316 4260">
     <span class='ocr_line' id='line_1_37' title="bbox 0 0 1316 4260; baseline 0 3"><span class='ocrx_word' id='word_1_251' title='bbox 0 0 1316 4260; x_wconf 95' lang='lat' dir='ltr'> </span> 
     </span>
    </p>
   </div>
  </div>
 </body>
</html>
