<?xml version="1.0" encoding="UTF-8"?>
<!DOCTYPE html PUBLIC "-//W3C//DTD XHTML 1.0 Transitional//EN"
    "http://www.w3.org/TR/xhtml1/DTD/xhtml1-transitional.dtd">
<html xmlns="http://www.w3.org/1999/xhtml" xml:lang="en" lang="en">
 <head>
  <title>
</title>
<meta http-equiv="Content-Type" content="text/html;charset=utf-8" />
  <meta name='ocr-system' content='tesseract 3.04.00' />
  <meta name='ocr-capabilities' content='ocr_page ocr_carea ocr_par ocr_line ocrx_word'/>
</head>
<body>
  <div class='ocr_page' id='page_1' title='image "./piivipontmaxact02piusgoog_0339.png"; bbox 0 0 2632 4262; ppageno 0'>
   <div class='ocr_carea' id='block_1_1' title="bbox 97 257 1072 2964">
    <p class='ocr_par' dir='ltr' id='par_1_1' title="bbox 97 257 1072 2964">
     <span class='ocr_line' id='line_1_1' title="bbox 495 257 671 318; baseline -0.006 -1"><span class='ocrx_word' id='word_1_1' title='bbox 495 283 533 302; x_wconf 65' lang='grc' dir='ltr'>ι-</span> <span class='ocrx_word' id='word_1_2' title='bbox 553 257 614 318; x_wconf 79' lang='lat'>327</span> <span class='ocrx_word' id='word_1_3' title='bbox 635 289 671 303; x_wconf 92' lang='lat'>-</span> 
     </span>
     <span class='ocr_line' id='line_1_2' title="bbox 98 361 1066 442; baseline 0.004 -22"><span class='ocrx_word' id='word_1_4' title='bbox 98 361 235 423; x_wconf 80' lang='lat' dir='ltr'>batiocis</span> <span class='ocrx_word' id='word_1_5' title='bbox 257 362 438 423; x_wconf 76' lang='lat' dir='ltr'>Gallicanae</span> <span class='ocrx_word' id='word_1_6' title='bbox 460 383 519 423; x_wconf 90' lang='lat' dir='ltr'>non</span> <span class='ocrx_word' id='word_1_7' title='bbox 546 363 699 435; x_wconf 90' lang='lat' dir='ltr'>incuriae,</span> <span class='ocrx_word' id='word_1_8' title='bbox 724 363 776 424; x_wconf 89' lang='lat' dir='ltr'>sed</span> <span class='ocrx_word' id='word_1_9' title='bbox 798 363 983 442; x_wconf 77' lang='lat' dir='ltr'>prudentiae</span> <span class='ocrx_word' id='word_1_10' title='bbox 1006 363 1066 424; x_wconf 88' lang='grc'>161-</span> 
     </span>
     <span class='ocr_line' id='line_1_3' title="bbox 98 455 1069 533; baseline 0.002 -19"><span class='ocrx_word' id='word_1_11' title='bbox 98 456 266 515; x_wconf 90' lang='lat' dir='ltr'>buendum.</span> <span class='ocrx_word' id='word_1_12' title='bbox 283 457 308 515; x_wconf 93' lang='lat' dir='ltr'>I.</span> <span class='ocrx_word' id='word_1_13' title='bbox 328 457 377 528; x_wconf 88' lang='lat'>17,</span> <span class='ocrx_word' id='word_1_14' title='bbox 391 456 440 529; x_wconf 83' lang='lat'>18,</span> <span class='ocrx_word' id='word_1_15' title='bbox 455 457 505 530; x_wconf 87' lang='grc'>19,</span> <span class='ocrx_word' id='word_1_16' title='bbox 518 455 569 528; x_wconf 84' lang='lat'>25,</span> <span class='ocrx_word' id='word_1_17' title='bbox 579 456 630 516; x_wconf 91' lang='grc'>62.</span> <span class='ocrx_word' id='word_1_18' title='bbox 641 489 657 502; x_wconf 92' lang='grc'>-</span> <span class='ocrx_word' id='word_1_19' title='bbox 668 456 849 516; x_wconf 70' lang='lat' dir='ltr'>cardinales</span> <span class='ocrx_word' id='word_1_20' title='bbox 871 455 949 516; x_wconf 82' lang='lat' dir='ltr'>iacit</span> <span class='ocrx_word' id='word_1_21' title='bbox 965 457 1069 533; x_wconf 88' lang='lat' dir='ltr'>parti-</span> 
     </span>
     <span class='ocr_line' id='line_1_4' title="bbox 98 550 1065 632; baseline 0.003 -24"><span class='ocrx_word' id='word_1_22' title='bbox 98 550 183 632; x_wconf 79' lang='lat' dir='ltr'>cipes</span> <span class='ocrx_word' id='word_1_23' title='bbox 204 568 323 624; x_wconf 91' lang='lat' dir='ltr'>eorum,</span> <span class='ocrx_word' id='word_1_24' title='bbox 346 570 424 628; x_wconf 92' lang='lat' dir='ltr'>quae</span> <span class='ocrx_word' id='word_1_25' title='bbox 447 551 479 610; x_wconf 93' lang='lat' dir='ltr'>in</span> <span class='ocrx_word' id='word_1_26' title='bbox 503 550 608 612; x_wconf 86' lang='lat' dir='ltr'>Gallia</span> <span class='ocrx_word' id='word_1_27' title='bbox 631 554 786 627; x_wconf 83' lang='lat' dir='ltr'>geruntur</span> <span class='ocrx_word' id='word_1_28' title='bbox 806 554 916 610; x_wconf 89' lang='lat' dir='ltr'>contra</span> <span class='ocrx_word' id='word_1_29' title='bbox 934 551 1065 630; x_wconf 85' lang='lat' dir='ltr'>religio-</span> 
     </span>
     <span class='ocr_line' id='line_1_5' title="bbox 99 643 1067 723; baseline -0.001 -20"><span class='ocrx_word' id='word_1_30' title='bbox 99 662 169 704; x_wconf 98' lang='lat' dir='ltr'>nem</span> <span class='ocrx_word' id='word_1_31' title='bbox 195 644 394 706; x_wconf 77' lang='lat' dir='ltr'>catholicam.</span> <span class='ocrx_word' id='word_1_32' title='bbox 416 647 440 705; x_wconf 93' lang='grc'>1.</span> <span class='ocrx_word' id='word_1_33' title='bbox 466 645 504 706; x_wconf 95' lang='grc'>15</span> <span class='ocrx_word' id='word_1_34' title='bbox 525 647 559 704; x_wconf 98' lang='grc'>61</span> <span class='ocrx_word' id='word_1_35' title='bbox 589 663 673 723; x_wconf 89' lang='grc'>6666.</span> <span class='ocrx_word' id='word_1_36' title='bbox 697 645 910 706; x_wconf 86' lang='grc' dir='ltr'>63.-Ι)661)66</span> <span class='ocrx_word' id='word_1_37' title='bbox 935 643 1067 705; x_wconf 82' lang='lat' dir='ltr'>Anchie-</span> 
     </span>
     <span class='ocr_line' id='line_1_6' title="bbox 98 737 1064 816; baseline 0.003 -20"><span class='ocrx_word' id='word_1_38' title='bbox 98 737 234 814; x_wconf 90' lang='lat' dir='ltr'>piscopis</span> <span class='ocrx_word' id='word_1_39' title='bbox 248 739 335 814; x_wconf 86' lang='lat' dir='ltr'>regis</span> <span class='ocrx_word' id='word_1_40' title='bbox 349 738 517 812; x_wconf 81' lang='lat' dir='ltr'>ministris,</span> <span class='ocrx_word' id='word_1_41' title='bbox 530 739 650 816; x_wconf 88' lang='lat' dir='ltr'>ipsique</span> <span class='ocrx_word' id='word_1_42' title='bbox 664 739 745 816; x_wconf 84' lang='lat' dir='ltr'>regi,</span> <span class='ocrx_word' id='word_1_43' title='bbox 760 740 811 800; x_wconf 85' lang='lat' dir='ltr'>rel</span> <span class='ocrx_word' id='word_1_44' title='bbox 827 739 864 800; x_wconf 88' lang='lat' dir='ltr'>ab</span> <span class='ocrx_word' id='word_1_45' title='bbox 879 737 1064 811; x_wconf 86' lang='grc'>66661790,</span> 
     </span>
     <span class='ocr_line' id='line_1_7' title="bbox 99 831 1068 905; baseline -0.002 -13"><span class='ocrx_word' id='word_1_46' title='bbox 99 833 173 892; x_wconf 86' lang='lat' dir='ltr'>ante</span> <span class='ocrx_word' id='word_1_47' title='bbox 199 832 303 892; x_wconf 87' lang='lat' dir='ltr'>datam</span> <span class='ocrx_word' id='word_1_48' title='bbox 327 833 530 905; x_wconf 86' lang='lat' dir='ltr'>sanctionem,</span> <span class='ocrx_word' id='word_1_49' title='bbox 547 831 688 896; x_wconf 77' lang='lat' dir='ltr'>declarat</span> <span class='ocrx_word' id='word_1_50' title='bbox 702 831 966 895; x_wconf 78' lang='lat' dir='ltr'>constitutionem</span> <span class='ocrx_word' id='word_1_51' title='bbox 988 831 1068 890; x_wconf 87' lang='lat' dir='ltr'>civi-</span> 
     </span>
     <span class='ocr_line' id='line_1_8' title="bbox 98 924 1066 1002; baseline 0 -18"><span class='ocrx_word' id='word_1_52' title='bbox 98 924 163 984; x_wconf 91' lang='lat' dir='ltr'>lem</span> <span class='ocrx_word' id='word_1_53' title='bbox 185 943 204 984; x_wconf 90' lang='lat' dir='ltr'>a</span> <span class='ocrx_word' id='word_1_54' title='bbox 225 943 257 986; x_wconf 92' lang='grc'>66</span> <span class='ocrx_word' id='word_1_55' title='bbox 279 926 451 1002; x_wconf 86' lang='lat' dir='ltr'>reprobari.</span> <span class='ocrx_word' id='word_1_56' title='bbox 470 929 494 988; x_wconf 95' lang='lat' dir='ltr'>I.</span> <span class='ocrx_word' id='word_1_57' title='bbox 510 928 562 997; x_wconf 85' lang='grc'>22,</span> <span class='ocrx_word' id='word_1_58' title='bbox 578 929 629 1002; x_wconf 88' lang='grc'>24,</span> <span class='ocrx_word' id='word_1_59' title='bbox 646 929 697 989; x_wconf 90' lang='grc'>27.</span> <span class='ocrx_word' id='word_1_60' title='bbox 710 927 812 988; x_wconf 90' lang='grc' dir='ltr'>-Ε166</span> <span class='ocrx_word' id='word_1_61' title='bbox 837 926 1009 987; x_wconf 86' lang='lat' dir='ltr'>tolerantia</span> <span class='ocrx_word' id='word_1_62' title='bbox 1033 925 1066 984; x_wconf 93' lang='grc'>16</span> 
     </span>
     <span class='ocr_line' id='line_1_9' title="bbox 100 1017 1068 1096; baseline 0.001 -18"><span class='ocrx_word' id='word_1_63' title='bbox 100 1017 216 1078; x_wconf 81' lang='lat' dir='ltr'>Galliis</span> <span class='ocrx_word' id='word_1_64' title='bbox 238 1019 276 1078; x_wconf 89' lang='lat' dir='ltr'>ab</span> <span class='ocrx_word' id='word_1_65' title='bbox 297 1019 419 1096; x_wconf 84' lang='lat' dir='ltr'>aliquot</span> <span class='ocrx_word' id='word_1_66' title='bbox 443 1021 546 1080; x_wconf 89' lang='lat' dir='ltr'>annis.</span> <span class='ocrx_word' id='word_1_67' title='bbox 566 1022 590 1080; x_wconf 94' lang='lat' dir='ltr'>I.</span> <span class='ocrx_word' id='word_1_68' title='bbox 610 1022 661 1094; x_wconf 87' lang='lat'>31,</span> <span class='ocrx_word' id='word_1_69' title='bbox 685 1021 735 1082; x_wconf 90' lang='grc'>32.</span> <span class='ocrx_word' id='word_1_70' title='bbox 748 1020 853 1080; x_wconf 88' lang='grc' dir='ltr'>-Ε166</span> <span class='ocrx_word' id='word_1_71' title='bbox 879 1021 977 1080; x_wconf 89' lang='lat' dir='ltr'>officia</span> <span class='ocrx_word' id='word_1_72' title='bbox 990 1021 1068 1080; x_wconf 90' lang='lat' dir='ltr'>iam·</span> 
     </span>
     <span class='ocr_line' id='line_1_10' title="bbox 103 1113 1067 1192; baseline 0.002 -20"><span class='ocrx_word' id='word_1_73' title='bbox 103 1114 218 1172; x_wconf 92' lang='lat' dir='ltr'>dudum</span> <span class='ocrx_word' id='word_1_74' title='bbox 240 1113 383 1172; x_wconf 89' lang='lat' dir='ltr'>adhibita</span> <span class='ocrx_word' id='word_1_75' title='bbox 403 1117 485 1191; x_wconf 88' lang='lat' dir='ltr'>apud</span> <span class='ocrx_word' id='word_1_76' title='bbox 505 1114 700 1175; x_wconf 83' lang='lat' dir='ltr'>Ludovicum</span> <span class='ocrx_word' id='word_1_77' title='bbox 714 1115 790 1174; x_wconf 88' lang='lat' dir='ltr'>XVI</span> <span class='ocrx_word' id='word_1_78' title='bbox 811 1117 994 1192; x_wconf 84' lang='lat' dir='ltr'>ceterosque</span> <span class='ocrx_word' id='word_1_79' title='bbox 1016 1133 1067 1174; x_wconf 90' lang='lat' dir='ltr'>su·</span> 
     </span>
     <span class='ocr_line' id='line_1_11' title="bbox 98 1204 1069 1284; baseline 0.001 -19"><span class='ocrx_word' id='word_1_80' title='bbox 98 1223 225 1284; x_wconf 89' lang='lat' dir='ltr'>premos</span> <span class='ocrx_word' id='word_1_81' title='bbox 245 1204 402 1284; x_wconf 90' lang='lat' dir='ltr'>principes</span> <span class='ocrx_word' id='word_1_82' title='bbox 424 1211 536 1268; x_wconf 90' lang='grc'>666166</span> <span class='ocrx_word' id='word_1_83' title='bbox 550 1225 664 1284; x_wconf 82' lang='lat' dir='ltr'>pravos</span> <span class='ocrx_word' id='word_1_84' title='bbox 679 1206 788 1266; x_wconf 91' lang='lat' dir='ltr'>libros.</span> <span class='ocrx_word' id='word_1_85' title='bbox 803 1207 883 1268; x_wconf 88' lang='lat' dir='ltr'>Ibid.</span> <span class='ocrx_word' id='word_1_86' title='bbox 897 1210 999 1268; x_wconf 83' lang='lat' dir='ltr'>-Eius</span> <span class='ocrx_word' id='word_1_87' title='bbox 1014 1209 1069 1266; x_wconf 93' lang='lat' dir='ltr'>do·</span> 
     </span>
     <span class='ocr_line' id='line_1_12' title="bbox 98 1300 1067 1376; baseline 0 -18"><span class='ocrx_word' id='word_1_88' title='bbox 98 1300 150 1359; x_wconf 91' lang='lat' dir='ltr'>lor</span> <span class='ocrx_word' id='word_1_89' title='bbox 170 1317 245 1376; x_wconf 86' lang='lat' dir='ltr'>rege</span> <span class='ocrx_word' id='word_1_90' title='bbox 264 1301 376 1359; x_wconf 88' lang='lat' dir='ltr'>adacto</span> <span class='ocrx_word' id='word_1_91' title='bbox 391 1302 430 1359; x_wconf 91' lang='lat' dir='ltr'>ad</span> <span class='ocrx_word' id='word_1_92' title='bbox 444 1300 643 1360; x_wconf 88' lang='lat' dir='ltr'>sanciendam</span> <span class='ocrx_word' id='word_1_93' title='bbox 657 1300 922 1362; x_wconf 71' lang='lat' dir='ltr'>constitutionem</span> <span class='ocrx_word' id='word_1_94' title='bbox 938 1301 1067 1360; x_wconf 84' lang='lat' dir='ltr'>civilem</span> 
     </span>
     <span class='ocr_line' id='line_1_13' title="bbox 98 1391 1068 1472; baseline 0.003 -20"><span class='ocrx_word' id='word_1_95' title='bbox 98 1391 189 1454; x_wconf 92' lang='lat' dir='ltr'>cleri.</span> <span class='ocrx_word' id='word_1_96' title='bbox 200 1394 224 1452; x_wconf 91' lang='lat' dir='ltr'>I.</span> <span class='ocrx_word' id='word_1_97' title='bbox 235 1392 276 1452; x_wconf 84' lang='lat'>37</span> <span class='ocrx_word' id='word_1_98' title='bbox 290 1395 323 1453; x_wconf 92' lang='grc'>61</span> <span class='ocrx_word' id='word_1_99' title='bbox 341 1392 564 1472; x_wconf 65' lang='lat' dir='ltr'>sem-Sapiens</span> <span class='ocrx_word' id='word_1_100' title='bbox 579 1393 647 1453; x_wconf 92' lang='lat' dir='ltr'>eius</span> <span class='ocrx_word' id='word_1_101' title='bbox 659 1394 816 1454; x_wconf 85' lang='lat' dir='ltr'>cunctatio</span> <span class='ocrx_word' id='word_1_102' title='bbox 832 1395 868 1468; x_wconf 88' lang='lat' dir='ltr'>in</span> <span class='ocrx_word' id='word_1_103' title='bbox 880 1395 1068 1455; x_wconf 90' lang='lat' dir='ltr'>declaranda</span> 
     </span>
     <span class='ocr_line' id='line_1_14' title="bbox 97 1487 1069 1564; baseline 0.001 -18"><span class='ocrx_word' id='word_1_104' title='bbox 97 1487 205 1564; x_wconf 91' lang='lat' dir='ltr'>palam</span> <span class='ocrx_word' id='word_1_105' title='bbox 228 1488 313 1546; x_wconf 89' lang='lat' dir='ltr'>omni</span> <span class='ocrx_word' id='word_1_106' title='bbox 328 1488 449 1548; x_wconf 84' lang='lat' dir='ltr'>Galliae</span> <span class='ocrx_word' id='word_1_107' title='bbox 464 1487 621 1548; x_wconf 88' lang='lat' dir='ltr'>doctrina.</span> <span class='ocrx_word' id='word_1_108' title='bbox 640 1489 665 1546; x_wconf 95' lang='grc' dir='ltr'>Ι.</span> <span class='ocrx_word' id='word_1_109' title='bbox 681 1488 732 1548; x_wconf 87' lang='grc'>39.</span> <span class='ocrx_word' id='word_1_110' title='bbox 746 1488 876 1548; x_wconf 81' lang='lat' dir='ltr'>-Gallos</span> <span class='ocrx_word' id='word_1_111' title='bbox 891 1489 986 1548; x_wconf 88' lang='lat' dir='ltr'>habet</span> <span class='ocrx_word' id='word_1_112' title='bbox 1001 1488 1069 1548; x_wconf 85' lang='lat' dir='ltr'>vel-</span> 
     </span>
     <span class='ocr_line' id='line_1_15' title="bbox 99 1580 1069 1658; baseline 0 -18"><span class='ocrx_word' id='word_1_113' title='bbox 99 1580 149 1640; x_wconf 89' lang='lat' dir='ltr'>uti</span> <span class='ocrx_word' id='word_1_114' title='bbox 178 1580 261 1639; x_wconf 91' lang='lat' dir='ltr'>filios</span> <span class='ocrx_word' id='word_1_115' title='bbox 290 1583 437 1658; x_wconf 90' lang='lat' dir='ltr'>deceptos</span> <span class='ocrx_word' id='word_1_116' title='bbox 455 1581 560 1657; x_wconf 88' lang='lat' dir='ltr'>potius</span> <span class='ocrx_word' id='word_1_117' title='bbox 584 1597 675 1657; x_wconf 91' lang='lat' dir='ltr'>quam</span> <span class='ocrx_word' id='word_1_118' title='bbox 697 1581 851 1654; x_wconf 83' lang='lat' dir='ltr'>rebelles3</span> <span class='ocrx_word' id='word_1_119' title='bbox 880 1585 988 1658; x_wconf 87' lang='lat' dir='ltr'>sperat</span> <span class='ocrx_word' id='word_1_120' title='bbox 1016 1599 1069 1641; x_wconf 91' lang='lat' dir='ltr'>eos</span> 
     </span>
     <span class='ocr_line' id='line_1_16' title="bbox 98 1673 1068 1752; baseline 0.004 -20"><span class='ocrx_word' id='word_1_121' title='bbox 98 1673 178 1751; x_wconf 88' lang='lat' dir='ltr'>ipsis</span> <span class='ocrx_word' id='word_1_122' title='bbox 200 1674 362 1732; x_wconf 86' lang='lat' dir='ltr'>¹aerumnis</span> <span class='ocrx_word' id='word_1_123' title='bbox 387 1677 426 1734; x_wconf 91' lang='lat' dir='ltr'>ad</span> <span class='ocrx_word' id='word_1_124' title='bbox 452 1673 639 1752; x_wconf 81' lang='lat' dir='ltr'>religionem</span> <span class='ocrx_word' id='word_1_125' title='bbox 665 1691 861 1735; x_wconf 85' lang='lat' dir='ltr'>reversuros.</span> <span class='ocrx_word' id='word_1_126' title='bbox 878 1677 902 1735; x_wconf 96' lang='lat' dir='ltr'>I.</span> <span class='ocrx_word' id='word_1_127' title='bbox 919 1675 970 1747; x_wconf 84' lang='lat'>39,</span> <span class='ocrx_word' id='word_1_128' title='bbox 987 1675 1036 1736; x_wconf 89' lang='grc'>40.</span> <span class='ocrx_word' id='word_1_129' title='bbox 1049 1707 1068 1720; x_wconf 93' lang='grc'>-</span> 
     </span>
     <span class='ocr_line' id='line_1_17' title="bbox 98 1767 1068 1845; baseline -0.002 -17"><span class='ocrx_word' id='word_1_130' title='bbox 98 1768 211 1841; x_wconf 74' lang='lat' dir='ltr'>Caret,</span> <span class='ocrx_word' id='word_1_131' title='bbox 221 1786 260 1826; x_wconf 94' lang='lat' dir='ltr'>ne</span> <span class='ocrx_word' id='word_1_132' title='bbox 275 1768 434 1828; x_wconf 89' lang='lat' dir='ltr'>sententia</span> <span class='ocrx_word' id='word_1_133' title='bbox 448 1785 504 1828; x_wconf 87' lang='lat' dir='ltr'>sua</span> <span class='ocrx_word' id='word_1_134' title='bbox 518 1767 706 1845; x_wconf 83' lang='lat' dir='ltr'>praeveniat</span> <span class='ocrx_word' id='word_1_135' title='bbox 718 1767 891 1829; x_wconf 87' lang='lat' dir='ltr'>sententias</span> <span class='ocrx_word' id='word_1_136' title='bbox 901 1768 1068 1845; x_wconf 87' lang='lat' dir='ltr'>Episcopo-</span> 
     </span>
     <span class='ocr_line' id='line_1_18' title="bbox 98 1861 1065 1938; baseline 0 -18"><span class='ocrx_word' id='word_1_137' title='bbox 98 1878 171 1920; x_wconf 87' lang='lat' dir='ltr'>rum</span> <span class='ocrx_word' id='word_1_138' title='bbox 190 1863 227 1921; x_wconf 93' lang='lat' dir='ltr'>ad</span> <span class='ocrx_word' id='word_1_139' title='bbox 248 1861 471 1922; x_wconf 88' lang='lat' dir='ltr'>obstruendum</span> <span class='ocrx_word' id='word_1_140' title='bbox 493 1881 526 1922; x_wconf 89' lang='lat' dir='ltr'>os</span> <span class='ocrx_word' id='word_1_141' title='bbox 548 1861 1065 1938; x_wconf 79' lang='lat' dir='ltr'>pseudo-philosophoruml.124.</span> 
     </span>
     <span class='ocr_line' id='line_1_19' title="bbox 97 1955 1069 2034; baseline -0.001 -18"><span class='ocrx_word' id='word_1_142' title='bbox 97 1957 280 2029; x_wconf 87' lang='grc' dir='ltr'>-Ρ616666,</span> <span class='ocrx_word' id='word_1_143' title='bbox 301 1955 354 2014; x_wconf 82' lang='grc'>666</span> <span class='ocrx_word' id='word_1_144' title='bbox 376 1974 486 2015; x_wconf 87' lang='lat' dir='ltr'>severe</span> <span class='ocrx_word' id='word_1_145' title='bbox 508 1957 713 2032; x_wconf 88' lang='lat' dir='ltr'>reprehendit</span> <span class='ocrx_word' id='word_1_146' title='bbox 736 1975 842 2034; x_wconf 83' lang='lat' dir='ltr'>regem</span> <span class='ocrx_word' id='word_1_147' title='bbox 865 1959 995 2033; x_wconf 90' lang='lat' dir='ltr'>propter</span> <span class='ocrx_word' id='word_1_148' title='bbox 1016 1955 1069 2015; x_wconf 92' lang='lat' dir='ltr'>da-</span> 
     </span>
     <span class='ocr_line' id='line_1_20' title="bbox 99 2049 1069 2127; baseline -0.003 -16"><span class='ocrx_word' id='word_1_149' title='bbox 99 2055 167 2112; x_wconf 87' lang='lat' dir='ltr'>tam</span> <span class='ocrx_word' id='word_1_150' title='bbox 196 2049 398 2110; x_wconf 83' lang='lat' dir='ltr'>sanctionem.</span> <span class='ocrx_word' id='word_1_151' title='bbox 416 2051 441 2109; x_wconf 91' lang='lat' dir='ltr'>I.</span> <span class='ocrx_word' id='word_1_152' title='bbox 461 2050 519 2111; x_wconf 85' lang='lat'>125</span> <span class='ocrx_word' id='word_1_153' title='bbox 537 2049 752 2127; x_wconf 60' lang='grc'>6166661661</span> <span class='ocrx_word' id='word_1_154' title='bbox 777 2051 930 2126; x_wconf 86' lang='lat' dir='ltr'>promissa</span> <span class='ocrx_word' id='word_1_155' title='bbox 955 2067 1011 2109; x_wconf 88' lang='grc'>666</span> <span class='ocrx_word' id='word_1_156' title='bbox 1036 2049 1069 2108; x_wconf 88' lang='grc'>16</span> 
     </span>
     <span class='ocr_line' id='line_1_21' title="bbox 98 2141 1068 2218; baseline -0.002 -15"><span class='ocrx_word' id='word_1_157' title='bbox 98 2142 300 2203; x_wconf 85' lang='lat' dir='ltr'>coronatione</span> <span class='ocrx_word' id='word_1_158' title='bbox 324 2145 456 2202; x_wconf 88' lang='lat' dir='ltr'>revocat</span> <span class='ocrx_word' id='word_1_159' title='bbox 478 2143 510 2202; x_wconf 90' lang='lat' dir='ltr'>in</span> <span class='ocrx_word' id='word_1_160' title='bbox 532 2147 680 2203; x_wconf 87' lang='lat' dir='ltr'>mentem.</span> <span class='ocrx_word' id='word_1_161' title='bbox 703 2144 727 2201; x_wconf 95' lang='lat' dir='ltr'>l.</span> <span class='ocrx_word' id='word_1_162' title='bbox 753 2143 810 2202; x_wconf 88' lang='grc'>126</span> <span class='ocrx_word' id='word_1_163' title='bbox 832 2147 865 2202; x_wconf 90' lang='grc'>61</span> <span class='ocrx_word' id='word_1_164' title='bbox 887 2160 948 2218; x_wconf 88' lang='grc'>666.</span> <span class='ocrx_word' id='word_1_165' title='bbox 961 2175 977 2184; x_wconf 89' lang='grc'><em>·</em></span> <span class='ocrx_word' id='word_1_166' title='bbox 992 2141 1068 2202; x_wconf 79' lang='lat' dir='ltr'>Ilius</span> 
     </span>
     <span class='ocr_line' id='line_1_22' title="bbox 98 2236 1070 2310; baseline -0.005 -12"><span class='ocrx_word' id='word_1_167' title='bbox 98 2237 239 2298; x_wconf 88' lang='lat' dir='ltr'>charitas</span> <span class='ocrx_word' id='word_1_168' title='bbox 261 2237 294 2296; x_wconf 92' lang='lat' dir='ltr'>in</span> <span class='ocrx_word' id='word_1_169' title='bbox 313 2237 557 2297; x_wconf 88' lang='lat' dir='ltr'>Avenionenses.</span> <span class='ocrx_word' id='word_1_170' title='bbox 572 2239 596 2297; x_wconf 91' lang='lat'>1.</span> <span class='ocrx_word' id='word_1_171' title='bbox 609 2237 680 2310; x_wconf 90' lang='grc'>176,</span> <span class='ocrx_word' id='word_1_172' title='bbox 695 2236 764 2308; x_wconf 88' lang='grc'>184,</span> <span class='ocrx_word' id='word_1_173' title='bbox 778 2236 849 2310; x_wconf 88' lang='grc'>308,</span> <span class='ocrx_word' id='word_1_174' title='bbox 865 2236 935 2296; x_wconf 89' lang='grc'>369.</span> <span class='ocrx_word' id='word_1_175' title='bbox 945 2268 960 2280; x_wconf 95' lang='grc'>-</span> <span class='ocrx_word' id='word_1_176' title='bbox 970 2236 1070 2301; x_wconf 88' lang='lat' dir='ltr'>Quam</span> 
     </span>
     <span class='ocr_line' id='line_1_23' title="bbox 98 2329 1068 2407; baseline -0.003 -17"><span class='ocrx_word' id='word_1_177' title='bbox 98 2331 211 2390; x_wconf 86' lang='lat' dir='ltr'>firmus</span> <span class='ocrx_word' id='word_1_178' title='bbox 226 2331 259 2390; x_wconf 89' lang='lat' dir='ltr'>in</span> <span class='ocrx_word' id='word_1_179' title='bbox 274 2329 450 2391; x_wconf 87' lang='lat' dir='ltr'>retinendis</span> <span class='ocrx_word' id='word_1_180' title='bbox 468 2330 590 2390; x_wconf 89' lang='lat' dir='ltr'>iuribus</span> <span class='ocrx_word' id='word_1_181' title='bbox 609 2329 811 2407; x_wconf 87' lang='lat' dir='ltr'>Apostolicae</span> <span class='ocrx_word' id='word_1_182' title='bbox 833 2329 922 2388; x_wconf 86' lang='lat' dir='ltr'>Sedis</span> <span class='ocrx_word' id='word_1_183' title='bbox 936 2329 968 2387; x_wconf 92' lang='lat' dir='ltr'>in</span> <span class='ocrx_word' id='word_1_184' title='bbox 982 2329 1068 2388; x_wconf 80' lang='lat' dir='ltr'>Ave·</span> 
     </span>
     <span class='ocr_line' id='line_1_24' title="bbox 101 2423 1071 2501; baseline -0.001 -18"><span class='ocrx_word' id='word_1_185' title='bbox 101 2425 195 2486; x_wconf 91' lang='grc'>61666</span> <span class='ocrx_word' id='word_1_186' title='bbox 216 2427 253 2484; x_wconf 90' lang='grc'>61</span> <span class='ocrx_word' id='word_1_187' title='bbox 270 2425 441 2486; x_wconf 75' lang='lat' dir='ltr'>comitatu.</span> <span class='ocrx_word' id='word_1_188' title='bbox 464 2425 542 2484; x_wconf 92' lang='lat' dir='ltr'>Ibid.</span> <span class='ocrx_word' id='word_1_189' title='bbox 560 2427 593 2484; x_wconf 89' lang='lat' dir='ltr'>ct</span> <span class='ocrx_word' id='word_1_190' title='bbox 613 2443 678 2501; x_wconf 90' lang='lat' dir='ltr'>seq.</span> <span class='ocrx_word' id='word_1_191' title='bbox 690 2455 711 2468; x_wconf 93' lang='lat'><em>-</em></span> <span class='ocrx_word' id='word_1_192' title='bbox 724 2423 924 2500; x_wconf 83' lang='lat' dir='ltr'>Indulgentia</span> <span class='ocrx_word' id='word_1_193' title='bbox 936 2423 1071 2484; x_wconf 89' lang='lat' dir='ltr'>Nicaeni</span> 
     </span>
     <span class='ocr_line' id='line_1_25' title="bbox 100 2517 1070 2596; baseline -0.003 -18"><span class='ocrx_word' id='word_1_194' title='bbox 100 2517 231 2578; x_wconf 87' lang='lat' dir='ltr'>concilii</span> <span class='ocrx_word' id='word_1_195' title='bbox 247 2518 352 2578; x_wconf 88' lang='lat' dir='ltr'>utitur</span> <span class='ocrx_word' id='word_1_196' title='bbox 373 2536 450 2596; x_wconf 82' lang='lat' dir='ltr'>erga</span> <span class='ocrx_word' id='word_1_197' title='bbox 471 2517 603 2578; x_wconf 87' lang='lat' dir='ltr'>clericos</span> <span class='ocrx_word' id='word_1_198' title='bbox 619 2517 913 2578; x_wconf 81' lang='grc'>(1666111611666166.</span> <span class='ocrx_word' id='word_1_199' title='bbox 929 2517 954 2576; x_wconf 92' lang='lat' dir='ltr'>l.</span> <span class='ocrx_word' id='word_1_200' title='bbox 968 2517 1039 2577; x_wconf 92' lang='grc'>321.</span> <span class='ocrx_word' id='word_1_201' title='bbox 1053 2546 1070 2560; x_wconf 92' lang='grc'>-</span> 
     </span>
     <span class='ocr_line' id='line_1_26' title="bbox 100 2607 1067 2690; baseline -0.008 -17"><span class='ocrx_word' id='word_1_202' title='bbox 100 2613 269 2690; x_wconf 83' lang='lat' dir='ltr'>Sapientes</span> <span class='ocrx_word' id='word_1_203' title='bbox 297 2613 365 2672; x_wconf 91' lang='grc'>6166</span> <span class='ocrx_word' id='word_1_204' title='bbox 399 2613 507 2690; x_wconf 83' lang='lat' dir='ltr'>leges,</span> <span class='ocrx_word' id='word_1_205' title='bbox 537 2615 570 2672; x_wconf 91' lang='grc'>61</span> <span class='ocrx_word' id='word_1_206' title='bbox 600 2612 762 2672; x_wconf 88' lang='grc'>666116666</span> <span class='ocrx_word' id='word_1_207' title='bbox 794 2611 825 2669; x_wconf 91' lang='grc'>16</span> <span class='ocrx_word' id='word_1_208' title='bbox 862 2607 1067 2670; x_wconf 86' lang='lat' dir='ltr'>admittendis</span> 
     </span>
     <span class='ocr_line' id='line_1_27' title="bbox 98 2704 1070 2778; baseline -0.005 -14"><span class='ocrx_word' id='word_1_209' title='bbox 98 2705 347 2766; x_wconf 80' lang='grc'>61661616661116</span> <span class='ocrx_word' id='word_1_210' title='bbox 367 2705 596 2766; x_wconf 77' lang='lat' dir='ltr'>exsulantibus.</span> <span class='ocrx_word' id='word_1_211' title='bbox 613 2706 653 2764; x_wconf 95' lang='grc' dir='ltr'>ΙΙ.</span> <span class='ocrx_word' id='word_1_212' title='bbox 670 2705 701 2764; x_wconf 94' lang='grc'>2.</span> <span class='ocrx_word' id='word_1_213' title='bbox 716 2735 735 2748; x_wconf 92' lang='grc'><strong>-</strong></span> <span class='ocrx_word' id='word_1_214' title='bbox 746 2706 884 2764; x_wconf 84' lang='grc' dir='ltr'>Ρ616666</span> <span class='ocrx_word' id='word_1_215' title='bbox 905 2704 973 2762; x_wconf 90' lang='grc'>6166</span> <span class='ocrx_word' id='word_1_216' title='bbox 994 2718 1070 2778; x_wconf 86' lang='lat' dir='ltr'>erga</span> 
     </span>
     <span class='ocr_line' id='line_1_28' title="bbox 98 2793 1072 2870; baseline -0.006 -12"><span class='ocrx_word' id='word_1_217' title='bbox 98 2816 152 2858; x_wconf 90' lang='lat' dir='ltr'>eos</span> <span class='ocrx_word' id='word_1_218' title='bbox 174 2799 365 2858; x_wconf 88' lang='lat' dir='ltr'>sollicitudo.</span> <span class='ocrx_word' id='word_1_219' title='bbox 379 2800 419 2858; x_wconf 94' lang='grc' dir='ltr'>Π.</span> <span class='ocrx_word' id='word_1_220' title='bbox 430 2799 460 2859; x_wconf 88' lang='grc'>5.</span> <span class='ocrx_word' id='word_1_221' title='bbox 471 2830 487 2844; x_wconf 93' lang='grc'>-</span> <span class='ocrx_word' id='word_1_222' title='bbox 498 2797 574 2858; x_wconf 83' lang='lat' dir='ltr'>Eius</span> <span class='ocrx_word' id='word_1_223' title='bbox 588 2796 744 2858; x_wconf 81' lang='lat' dir='ltr'>fortitudo</span> <span class='ocrx_word' id='word_1_224' title='bbox 760 2796 868 2870; x_wconf 89' lang='lat' dir='ltr'>animi,</span> <span class='ocrx_word' id='word_1_225' title='bbox 885 2793 988 2855; x_wconf 82' lang='lat' dir='ltr'>Gallis</span> <span class='ocrx_word' id='word_1_226' title='bbox 1008 2797 1072 2852; x_wconf 87' lang='grc'>616-</span> 
     </span>
     <span class='ocr_line' id='line_1_29' title="bbox 100 2886 1071 2964; baseline -0.004 -14"><span class='ocrx_word' id='word_1_227' title='bbox 100 2891 150 2951; x_wconf 88' lang='grc'>161</span> <span class='ocrx_word' id='word_1_228' title='bbox 170 2891 340 2951; x_wconf 84' lang='lat' dir='ltr'>Pontificio</span> <span class='ocrx_word' id='word_1_229' title='bbox 356 2891 603 2952; x_wconf 86' lang='lat' dir='ltr'>imminentibus.</span> <span class='ocrx_word' id='word_1_230' title='bbox 615 2893 639 2952; x_wconf 96' lang='grc'>1.</span> <span class='ocrx_word' id='word_1_231' title='bbox 655 2891 726 2964; x_wconf 79' lang='grc'>351,</span> <span class='ocrx_word' id='word_1_232' title='bbox 739 2890 811 2963; x_wconf 88' lang='grc'>356,</span> <span class='ocrx_word' id='word_1_233' title='bbox 828 2889 899 2949; x_wconf 86' lang='grc'>357.</span> <span class='ocrx_word' id='word_1_234' title='bbox 909 2921 923 2932; x_wconf 96' lang='grc'>-</span> <span class='ocrx_word' id='word_1_235' title='bbox 934 2889 966 2947; x_wconf 84' lang='lat' dir='ltr'>S.</span> <span class='ocrx_word' id='word_1_236' title='bbox 977 2886 1028 2945; x_wconf 90' lang='lat' dir='ltr'>Pii</span> <span class='ocrx_word' id='word_1_237' title='bbox 1041 2887 1071 2946; x_wconf 89' lang='lat' dir='ltr'><strong>V</strong></span> 
     </span>
    </p>
   </div>
   <div class='ocr_carea' id='block_1_2' title="bbox 99 2979 1073 3620">
    <p class='ocr_par' dir='ltr' id='par_1_2' title="bbox 99 2979 1073 3620">
     <span class='ocr_line' id='line_1_30' title="bbox 100 2979 1069 3063; baseline -0.007 -18"><span class='ocrx_word' id='word_1_238' title='bbox 100 2985 279 3046; x_wconf 81' lang='lat' dir='ltr'>aemulator</span> <span class='ocrx_word' id='word_1_239' title='bbox 290 3003 387 3046; x_wconf 87' lang='lat' dir='ltr'>arma</span> <span class='ocrx_word' id='word_1_240' title='bbox 409 2991 484 3046; x_wconf 93' lang='grc'>1666</span> <span class='ocrx_word' id='word_1_241' title='bbox 506 2985 656 3063; x_wconf 74' lang='lat' dir='ltr'>precibus</span> <span class='ocrx_word' id='word_1_242' title='bbox 667 2984 820 3061; x_wconf 87' lang='lat' dir='ltr'>adiungit.</span> <span class='ocrx_word' id='word_1_243' title='bbox 837 2987 862 3044; x_wconf 93' lang='lat' dir='ltr'>l.</span> <span class='ocrx_word' id='word_1_244' title='bbox 879 2983 950 3042; x_wconf 90' lang='grc'>356.</span> <span class='ocrx_word' id='word_1_245' title='bbox 964 2979 1069 3042; x_wconf 84' lang='lat' dir='ltr'>-Eius</span> 
     </span>
     <span class='ocr_line' id='line_1_31' title="bbox 100 3073 1066 3140; baseline -0.005 -2"><span class='ocrx_word' id='word_1_246' title='bbox 100 3077 253 3138; x_wconf 90' lang='lat' dir='ltr'>allocutio</span> <span class='ocrx_word' id='word_1_247' title='bbox 269 3081 307 3139; x_wconf 88' lang='lat' dir='ltr'>ad</span> <span class='ocrx_word' id='word_1_248' title='bbox 320 3078 501 3140; x_wconf 86' lang='lat' dir='ltr'>Oardiuales</span> <span class='ocrx_word' id='word_1_249' title='bbox 517 3082 554 3139; x_wconf 87' lang='lat' dir='ltr'>de</span> <span class='ocrx_word' id='word_1_250' title='bbox 569 3097 643 3138; x_wconf 90' lang='grc'>6666</span> <span class='ocrx_word' id='word_1_251' title='bbox 671 3077 833 3138; x_wconf 86' lang='lat' dir='ltr'>Ludovico</span> <span class='ocrx_word' id='word_1_252' title='bbox 860 3077 935 3136; x_wconf 91' lang='lat' dir='ltr'>XVI</span> <span class='ocrx_word' id='word_1_253' title='bbox 962 3073 1066 3134; x_wconf 87' lang='lat' dir='ltr'>illata.</span> 
     </span>
     <span class='ocr_line' id='line_1_32' title="bbox 99 3166 1067 3250; baseline -0.003 -21"><span class='ocrx_word' id='word_1_254' title='bbox 99 3171 141 3230; x_wconf 93' lang='lat' dir='ltr'>II.</span> <span class='ocrx_word' id='word_1_255' title='bbox 160 3171 197 3231; x_wconf 87' lang='lat'>16</span> <span class='ocrx_word' id='word_1_256' title='bbox 212 3175 246 3232; x_wconf 92' lang='grc'>61</span> <span class='ocrx_word' id='word_1_257' title='bbox 260 3190 367 3250; x_wconf 76' lang='grc'>6666-</span> <span class='ocrx_word' id='word_1_258' title='bbox 379 3175 539 3248; x_wconf 86' lang='lat' dir='ltr'>Responsa</span> <span class='ocrx_word' id='word_1_259' title='bbox 559 3173 598 3231; x_wconf 89' lang='lat' dir='ltr'>ab</span> <span class='ocrx_word' id='word_1_260' title='bbox 620 3171 685 3247; x_wconf 86' lang='lat' dir='ltr'>ipso</span> <span class='ocrx_word' id='word_1_261' title='bbox 708 3167 783 3230; x_wconf 83' lang='lat' dir='ltr'>data</span> <span class='ocrx_word' id='word_1_262' title='bbox 797 3169 897 3229; x_wconf 87' lang='lat' dir='ltr'>variis</span> <span class='ocrx_word' id='word_1_263' title='bbox 911 3166 1067 3246; x_wconf 87' lang='lat' dir='ltr'>quaestio·</span> 
     </span>
     <span class='ocr_line' id='line_1_33' title="bbox 101 3251 1073 3342; baseline -0.001 -21"><span class='ocrx_word' id='word_1_264' title='bbox 101 3263 203 3323; x_wconf 89' lang='lat' dir='ltr'>nibus.</span> <span class='ocrx_word' id='word_1_265' title='bbox 219 3266 260 3325; x_wconf 94' lang='lat' dir='ltr'>II.</span> <span class='ocrx_word' id='word_1_266' title='bbox 278 3265 329 3338; x_wconf 92' lang='grc'>82,</span> <span class='ocrx_word' id='word_1_267' title='bbox 346 3265 385 3326; x_wconf 86' lang='grc'>84</span> <span class='ocrx_word' id='word_1_268' title='bbox 408 3267 441 3324; x_wconf 93' lang='grc'>61</span> <span class='ocrx_word' id='word_1_269' title='bbox 462 3251 802 3342; x_wconf 76' lang='grc'>6666-166616661616</span> <span class='ocrx_word' id='word_1_270' title='bbox 831 3263 893 3324; x_wconf 91' lang='lat' dir='ltr'>odii</span> <span class='ocrx_word' id='word_1_271' title='bbox 922 3265 1073 3324; x_wconf 86' lang='lat' dir='ltr'>adversus</span> 
     </span>
     <span class='ocr_line' id='line_1_34' title="bbox 99 3353 1073 3418; baseline -0.005 -1"><span class='ocrx_word' id='word_1_272' title='bbox 99 3357 316 3417; x_wconf 87' lang='lat' dir='ltr'>Monarchiam</span> <span class='ocrx_word' id='word_1_273' title='bbox 332 3357 424 3418; x_wconf 87' lang='lat' dir='ltr'>vivae</span> <span class='ocrx_word' id='word_1_274' title='bbox 440 3357 526 3416; x_wconf 85' lang='lat' dir='ltr'>vocis</span> <span class='ocrx_word' id='word_1_275' title='bbox 541 3357 669 3418; x_wconf 89' lang='lat' dir='ltr'>oraculo</span> <span class='ocrx_word' id='word_1_276' title='bbox 685 3358 814 3416; x_wconf 85' lang='lat' dir='ltr'>damnat</span> <span class='ocrx_word' id='word_1_277' title='bbox 826 3359 924 3418; x_wconf 89' lang='lat' dir='ltr'>Roma</span> <span class='ocrx_word' id='word_1_278' title='bbox 939 3355 971 3415; x_wconf 93' lang='lat' dir='ltr'>in</span> <span class='ocrx_word' id='word_1_279' title='bbox 989 3353 1073 3414; x_wconf 85' lang='lat' dir='ltr'>exsi-</span> 
     </span>
     <span class='ocr_line' id='line_1_35' title="bbox 102 3447 1073 3515; baseline -0.005 -4"><span class='ocrx_word' id='word_1_280' title='bbox 102 3451 184 3511; x_wconf 90' lang='lat' dir='ltr'>lium</span> <span class='ocrx_word' id='word_1_281' title='bbox 204 3451 413 3511; x_wconf 89' lang='lat' dir='ltr'>abducendus.</span> <span class='ocrx_word' id='word_1_282' title='bbox 430 3452 470 3510; x_wconf 92' lang='grc'>11.</span> <span class='ocrx_word' id='word_1_283' title='bbox 487 3451 559 3512; x_wconf 92' lang='grc'>217.</span> <span class='ocrx_word' id='word_1_284' title='bbox 573 3449 685 3515; x_wconf 87' lang='lat' dir='ltr'>-Quid</span> <span class='ocrx_word' id='word_1_285' title='bbox 708 3452 744 3510; x_wconf 91' lang='lat' dir='ltr'>de</span> <span class='ocrx_word' id='word_1_286' title='bbox 767 3450 944 3510; x_wconf 85' lang='lat' dir='ltr'>iuramento</span> <span class='ocrx_word' id='word_1_287' title='bbox 972 3447 1073 3507; x_wconf 83' lang='lat' dir='ltr'>tideli-</span> 
     </span>
     <span class='ocr_line' id='line_1_36' title="bbox 100 3540 1067 3620; baseline -0.003 -18"><span class='ocrx_word' id='word_1_288' title='bbox 100 3543 180 3604; x_wconf 88' lang='lat' dir='ltr'>tatis</span> <span class='ocrx_word' id='word_1_289' title='bbox 203 3543 398 3620; x_wconf 86' lang='lat' dir='ltr'>praescripto</span> <span class='ocrx_word' id='word_1_290' title='bbox 420 3543 691 3607; x_wconf 83' lang='grc'>66666111611666</span> <span class='ocrx_word' id='word_1_291' title='bbox 713 3545 854 3604; x_wconf 89' lang='lat' dir='ltr'>Romana</span> <span class='ocrx_word' id='word_1_292' title='bbox 877 3540 1067 3602; x_wconf 84' lang='lat' dir='ltr'>decreverit.</span> 
     </span>
    </p>
   </div>
   <div class='ocr_carea' id='block_1_3' title="bbox 0 0 1323 4262">
    <p class='ocr_par' dir='ltr' id='par_1_3' title="bbox 0 0 1323 4262">
     <span class='ocr_line' id='line_1_37' title="bbox 0 0 1323 4262; baseline 0 0"><span class='ocrx_word' id='word_1_293' title='bbox 0 0 1323 4262; x_wconf 95' lang='lat' dir='ltr'> </span> 
     </span>
    </p>
   </div>
  </div>
 </body>
</html>
