2624 4260
56 364 185 436 posset,
208 363 246 420 ad
269 361 476 438 perditionem
498 362 582 420 orbis
604 363 765 420 terrarum
787 360 928 420 universi
954 378 1036 420 con-¹

58 455 287 514 stituerentur.

120 548 198 614 Quid
231 549 309 624 quod
332 549 403 607 dnm
426 549 480 624 qui
502 567 540 608 ex
562 549 691 610 Nostris
713 567 773 607 non
800 552 913 620 erant,
945 548 1027 606 omni

59 641 264 700 simulatione
279 643 430 717 deposita,
448 661 506 701 non
522 644 611 702 modo
634 661 667 702 se
688 663 706 703 a
726 642 824 704 Nobis
845 660 1030 719 segregave-

55 738 147 806 runt,
164 733 328 792 sedetiam
351 736 566 795 characterem
587 735 705 796 bestiae
727 735 758 793 in
782 735 940 794 frontibus
963 735 1027 796 suis

55 827 273 906 praeferentes
294 847 363 887 cum
382 830 472 906 Agno
495 832 728 906 pugnaverunt,
744 829 920 906 bellumque
943 847 1027 890 acer·

53 921 218 980 tissimum
241 925 351 981 contra
371 922 543 981 Ecclesiam
566 926 752 998 gesserunt3
775 923 872 982 ceteri
895 941 1024 998 quorum

55 1014 187 1074 nomina
203 1014 320 1090 scripta
335 1018 408 1074 sunt
429 1014 460 1072 in
484 1014 564 1074 libro
580 1015 677 1085 vitae,
695 1016 742 1074 ita
763 1017 798 1074 ad
822 1033 943 1074 ornnem
959 1034 1026 1074 san-

53 1107 204 1166 ctitatem
227 1111 434 1180 exarserunt,
458 1110 494 1166 nt
516 1127 553 1166 ne
575 1111 650 1166 tunc
672 1108 794 1184 quidem
817 1126 886 1166 cum
907 1113 1026 1184 tempo·

52 1200 144 1258 ribus
175 1201 385 1275 pacatissimis
414 1205 561 1261 uteretur
582 1203 741 1272 Ecclesia,
771 1204 835 1260 tam
863 1206 972 1277 aperta
992 1202 1025 1260 in

50 1293 241 1352 christianis
262 1294 412 1371 gregibus
433 1295 571 1372 Religio,
588 1299 653 1354 tam
674 1296 766 1354 firma
786 1295 874 1367 fides,
891 1299 956 1353 tam
978 1295 1025 1352 in-

51 1388 218 1447 flammata
232 1388 373 1448 charitas
388 1388 486 1448 fuerit
503 1407 645 1465 umquam
663 1389 839 1465 perspecta?
854 1389 940 1454 Quod
955 1406 1024 1446 cum

49 1483 86 1539 de
103 1481 255 1558 gregibus
269 1482 392 1541 Galliae
415 1482 584 1555 universis,
598 1480 667 1541 tum'
681 1483 775 1540 etiam
792 1483 828 1540 de
845 1482 971 1555 ceteris,
988 1499 1023 1541 ao

48 1576 219 1652 praecipue
234 1577 269 1633 de
285 1577 425 1634 Romano
439 1576 559 1635 Nostro
574 1593 634 1634 non
650 1573 716 1633 sine
732 1593 845 1651 magna
859 1575 956 1634 animi
977 1574 1025 1633 iu·

49 1669 217 1728 canditate
237 1668 393 1742 audimus,
409 1668 462 1745 qui
477 1669 527 1746 (ut
541 1671 573 1728 S.
588 1671 717 1729 Ioannes
732 1670 975 1746 chrysostomus
989 1668 1022 1726 in

49 1763 162 1838 primis
183 1762 249 1821 illis
271 1762 466 1839 temporibus
480 1763 625 1822 meminit
639 1763 800 1840 accidisse)
823 1761 950 1823 etiamsi
965 1765 1023 1822 Pa·

48 1856 193 1916 storibus
216 1854 279 1913 suis
295 1855 422 1932 spoliati
437 1855 568 1926 fuerint,
586 1860 689 1915 tamen
706 1856 826 1914 obeam
842 1857 946 1927 fidem,
963 1875 1023 1932 qua

46 1968 78 2008 se
101 1949 322 2025 probaverunt
343 1948 518 2020 Ecclesiae,
541 1951 604 2007 Deo
626 1949 657 2007 in
683 1949 855 2008 custodiam
882 1949 1019 2025 ipsorum

47 2041 219 2118 vigilante,
242 2059 349 2100 carere
372 2043 555 2101 Pastoribus
570 2042 635 2101 suis
650 2044 737 2102 nullo
752 2045 841 2102 modo
857 2047 930 2102 sunt
944 2043 1019 2101 visi.

46 2136 244 2215 ‹Versutus
269 2134 431 2207 diabolus,
454 2135 546 2193 etad
576 2137 742 2195 struendas
770 2137 862 2212 aptus
890 2134 1020 2194 insidias

46 2227 267 2302 existimabat,
284 2229 310 2288 si
326 2231 473 2289 Pastores
489 2229 680 2302 sustulisset,
694 2230 800 2288 Ovilia
815 2248 847 2288 se
863 2229 953 2288 facile
976 2230 1021 2287 di-

46 2326 228 2398 repturum3
246 2324 298 2381 sed
314 2322 367 2399 qui
381 2324 616 2400 comprehendit
630 2328 751 2383 astutos
766 2324 797 2381 in
814 2341 922 2382 eorum
934 2328 1021 2382 astu·
1048 2319 1050 2326 ’

45 2416 106 2488 tia,
123 2417 292 2475 ostendens
305 2415 461 2476 Ecclesias
483 2434 554 2475 suas
570 2435 630 2474 non
654 2417 692 2476 ab
714 2416 889 2475 hominibus
904 2419 1019 2494 guber-

45 2509 133 2582 nari,
159 2527 269 2568 verum
291 2527 356 2582 eos,
379 2509 433 2585 qui
454 2509 486 2566 in
509 2509 610 2584 ipsum
632 2511 776 2583 credunt,
800 2528 964 2588 sempera
987 2529 1019 2570 se

44 2603 129 2678 regi,
147 2602 179 2661 id
194 2603 265 2660 fieri
288 2603 505 2679 permittebat,
524 2606 559 2662 ut
573 2620 642 2660 oum
664 2607 808 2661 cerneret
829 2605 1019 2664 Rectoribus

44 2695 183 2755 sublatis
212 2715 272 2755 non
301 2699 407 2754 tamen
433 2695 606 2756 Ecclesiam
635 2696 755 2768 deleri,
785 2713 840 2754 nec
868 2697 1017 2756 veritatis

41 2789 311 2866 praedicationem
333 2789 491 2866 extingui,
515 2791 566 2849 sed
589 2789 695 2865 potius
717 2787 838 2864 augeri;
862 2807 901 2848 ex
923 2791 1017 2850 rebus

43 2883 124 2960 ipsis
147 2883 286 2960 etipse,
308 2886 341 2942 et
363 2883 415 2960 qui
437 2885 466 2943 ei
489 2883 706 2943 inserviebant
727 2899 832 2940 omnes
857 2882 1019 2960 intellige-

44 2979 132 3049 rent,
157 2975 362 3035 christianam
385 2977 583 3053 disciplinam
606 2993 664 3034 non
687 2976 726 3033 ab
747 2975 922 3036 hominibus
943 2995 1019 3052 pen·

45 3071 134 3142 dere,
159 3070 211 3128 sed
234 3071 266 3127 in
290 3070 384 3128 caelis
407 3071 527 3129 radices
552 3087 658 3146 agere,
680 3071 838 3146 Deumque
859 3088 938 3144 esse,
961 3070 1015 3147 qui

43 3162 220 3222 Ecclesiam
244 3164 356 3239 ubique
380 3166 567 3222 tueretur.»

109 3257 167 3317 His
195 3257 298 3334 igitur
324 3263 388 3318 tam
418 3257 589 3334 praeclaris
617 3258 704 3317 bonis
733 3277 802 3316 cnm
823 3260 887 3319 Nos
909 3260 960 3318 vel
982 3260 1014 3317 in

43 3350 115 3426 ipso
137 3350 365 3425 persecutionis
387 3354 476 3410 aestu
498 3353 590 3410 tanta
610 3369 678 3409 cum
693 3351 750 3410 Dei
772 3351 873 3428 gloria
894 3353 941 3410 ita
962 3369 1015 3410 au·

44 3449 129 3504 ctam
148 3445 311 3504 videamus
325 3447 509 3519 Ecclesiam,
525 3446 597 3522 quid
621 3447 657 3504 de
680 3463 716 3505 ea
738 3447 920 3522 sperandum
937 3445 1011 3519 erit,

42 3558 115 3598 cum
137 3539 256 3598 sedatis
277 3541 516 3616 tempestatibus
542 3544 665 3617 tempus
690 3540 953 3617 tranquillitatis,
977 3557 1014 3598 ac
