2582 4270
35 375 130 447 serit,
149 378 184 434 ut
206 373 375 451 privilegia
390 377 422 433 et
437 372 651 452 indulgentiae
666 373 839 453 designatis
854 375 1004 436 Ecclesiis

39 471 91 529 vel
116 468 273 529 altaribus
295 468 434 528 adnexae
456 472 665 545 prorogantur
685 469 723 528 ad
742 469 898 530 Ecclesiae
912 473 945 529 et
960 471 1006 530 al-

35 565 147 637 taria,
168 563 200 622 in
222 562 334 640 quibus
361 561 384 620 ii
406 563 586 640 presbyteri
617 581 656 622 ex
686 564 744 623 tali
766 564 1004 626 ordinariorum

33 658 246 736 dispositione
267 655 445 715 istiusmodi
465 656 575 715 missas
596 657 810 718 celebrabunt.

77 755 111 815 9.
133 757 178 816 Ut
198 752 334 830 episcopi
362 770 470 812 earnm
499 753 707 826 dioecesium,
732 753 762 811 in
785 753 896 830 quibus
917 756 1006 816 nulla

38 847 206 924 suppetit,
235 848 293 906 aut
321 845 437 924 exigua
465 847 547 906 ratio
576 847 746 924 colligendi
768 865 823 923 pro
845 849 1005 909 exsulibus

37 939 239 1018 presbyteris
260 940 474 1018 eleemosynas
494 940 678 1014 missarum,
701 942 870 1002 convenire
890 950 1005 1019 queant

36 1035 177 1094 aliarum
200 1034 356 1110 episcopos
378 1034 577 1106 dioecesium,
600 1053 677 1111 quae
699 1035 809 1094 iisdem
833 1037 1003 1108 abundant,

38 1146 162 1187 sacram
184 1129 279 1188 etiam
301 1131 512 1188 Lauretanam
534 1131 680 1201 domurn,
703 1130 825 1206 aliaque
847 1131 916 1190 loca
937 1149 1006 1190 san-

33 1227 104 1294 cta,
128 1239 207 1297 quae
230 1221 262 1279 in
284 1220 450 1283 Pontificio
472 1223 564 1280 Statu
588 1225 683 1295 snut3
706 1241 724 1281 a
746 1222 857 1298 quibus
877 1225 904 1282 si
927 1224 1006 1284 talia
1038 1269 1040 1274 .

38 1314 181 1375 subsidia
208 1313 413 1373 conferantur
441 1313 472 1372 in
495 1314 672 1386 dioeceses,
695 1333 772 1390 quae
797 1315 862 1374 illis
887 1321 1002 1393 egent,

37 1413 171 1485 gratum
194 1407 223 1466 id
246 1407 449 1468 sanctissimo
465 1407 555 1468 Patri
578 1408 708 1468 accidet.
722 1409 767 1467 Ae
781 1408 808 1468 si
824 1427 861 1468 ne
876 1409 924 1468 his
939 1410 1006 1486 qui·

34 1504 109 1561 dem
132 1501 294 1560 corratibus
316 1501 394 1560 efflei
410 1502 538 1577 poterit,
553 1504 588 1560 ut
600 1501 775 1560 istiusmodi
790 1502 1004 1580 eleemosynae

36 1615 96 1674 pro
120 1595 213 1654 dictis
235 1595 429 1672 presbyteris
451 1595 664 1669 obtineantur,
681 1600 867 1655 convertere
889 1615 921 1654 se
945 1615 1005 1656 va·

36 1691 128 1748 leant
149 1687 285 1765 episcopi
310 1691 349 1748 ad
370 1689 566 1748 Secretarios
587 1691 863 1766 congregationum
883 1681 1003 1750 Visite·

38 1783 137 1842 tionis
156 1781 369 1858 apostolicae,
392 1787 425 1840 et
446 1781 596 1842 Fabricae
618 1784 650 1840 S.
667 1783 773 1854 Petri,
789 1782 842 1858 qui
858 1783 915 1841 hac
936 1783 1004 1859 ipsa

34 1877 75 1934 de
98 1893 134 1934 re
157 1876 279 1934 nomine
301 1875 488 1934 Sanctitatis
510 1876 602 1947 Suae,
627 1878 663 1933 ut
683 1893 739 1951 par
761 1881 827 1948 est,
851 1873 1004 1936 certiores

38 1971 103 2030 iam
125 1971 313 2028 redduntur.

101 2065 152 2124 10.
175 2067 217 2125 Ut
238 2064 270 2121 in
291 2062 435 2136 domibus
456 2062 636 2138 religiosis,
659 2063 691 2120 in
715 2062 825 2138 quibus
856 2063 888 2122 vi
915 2062 1006 2122 insti-

40 2159 118 2229 tuti,
142 2161 198 2218 aut
219 2174 275 2234 per
296 2155 553 2214 constitutionem
576 2155 801 2230 apostolicam,
825 2175 863 2216 ne
885 2156 1004 2216 exteris

40 2252 178 2329 quidem,
195 2250 247 2326 qui
269 2249 313 2308 ibi
334 2252 516 2320 morantur,
539 2266 650 2308 carnes
671 2249 783 2326 apponi
805 2250 843 2309 ad
865 2250 1005 2326 corporis

40 2345 246 2406 refectionem
269 2345 409 2418 possunt,
433 2343 529 2402 liceat
550 2343 702 2419 episcopis
723 2343 887 2420 impertire
909 2343 1006 2402 facul-

41 2443 152 2510 tatem,
169 2455 221 2498 eas
244 2455 298 2513 pro
320 2435 406 2494 victu
429 2437 686 2496 subministrandi
701 2436 922 2497 ecclesiasticis
937 2441 1005 2496 sae-

37 2533 216 2603 cularibus,
232 2531 339 2607 quiex
355 2529 468 2589 Galliis
483 2548 518 2588 eo
534 2529 791 2607 commigrarunt.

103 2628 152 2686 ll.
169 2625 319 2686 Liberum
341 2624 385 2682 sit
398 2623 577 2696 ordinarie,
594 2642 649 2700 pro
671 2643 727 2684 sua
750 2625 916 2701 prudentia
932 2621 1007 2682 defi·

41 2723 110 2780 nire
132 2722 268 2792 modum,
288 2736 347 2796 quo
368 2718 538 2794 applicatio
561 2719 746 2792 missarum,
769 2737 847 2796 quae
869 2719 946 2776 fient
967 2717 1004 2776 ab

40 2815 108 2874 illis
134 2813 341 2890 presbyteris,
357 2811 521 2870 conciliari
542 2815 635 2888 queat
656 2815 690 2870 et
710 2829 779 2869 cum
796 2811 933 2886 ipsorum
950 2827 1006 2886 pro

41 2907 161 2968 vestitu
192 2909 344 2983 rebusque
376 2905 447 2964 aliis
467 2904 664 2980 indigentia,
688 2909 811 2964 etcum
833 2906 919 2962 statu
942 2921 1005 2962 mo-

41 3001 188 3072 nasterii,
212 3005 267 3060 aut
287 3003 471 3068 conventuS,
496 3016 514 3057 a
535 3015 594 3074 quo
615 2997 735 3072 recepti
757 3002 841 3057 sunt.
866 2998 934 3074 Ipse
950 3014 1005 3073 pa·

40 3097 121 3154 riter
143 3093 328 3154 Ordinarius
350 3091 519 3169 dispiciat,
537 3091 648 3168 quibus
670 3091 806 3151 maxime
828 3090 1003 3150 rationibus

38 3190 163 3249 eosdem
186 3189 222 3246 ad
241 3187 401 3247 utilitates
423 3202 497 3244 suae
513 3185 611 3262 ipsius
626 3185 800 3244 dioeceseos
815 3184 915 3262 possit
935 3201 1006 3243 oon·

43 3288 183 3342 vertere.
499 3342 501 3346 .

104 3377 153 3447 12,
175 3375 291 3436 Nullus
313 3374 448 3448 omnino,
472 3374 532 3434 etsi
554 3377 591 3432 iu
613 3376 715 3435 sacris
737 3373 928 3433 constitutus
943 3371 1004 3430 iam

42 3469 101 3542 sit,
125 3468 162 3527 ad
186 3467 356 3528 ulteriores
379 3466 504 3526 ordines
526 3467 751 3544 promoveatur
779 3465 893 3540 absque
915 3463 1009 3523 testi·

43 3561 142 3621 monio
163 3559 283 3638 proprii
306 3559 463 3637 episcopi,
491 3564 524 3619 et
552 3575 697 3637 expressa
718 3557 849 3618 licentia
870 3556 1010 3618 sanctis·
