2582 4270
93 441 288 517 affliguntur.
312 441 403 513 Hinc,
427 445 463 501 ut
484 443 695 519 quantocitius
717 443 785 503 lieri
807 448 923 521 posset,
941 445 1056 505 eisdem

92 536 239 596 fidelibus
260 538 483 613 opitularetur,
504 541 597 615 atque
619 539 824 616 petitionibus
846 541 910 598 tuis
932 541 1058 600 satisfa-

92 635 192 700 ceret,
215 647 268 688 eas
290 631 424 690 selectae
446 631 660 692 Cardinalium
680 633 924 710 Congregationi
940 634 1057 694 exami-

93 725 212 783 nandas
233 723 407 784 commisit:
431 743 509 802 quae
532 729 638 784 autem
666 745 685 785 a
712 726 854 802 praefata
875 727 1057 806 Congrega-

92 819 178 878 tione
200 819 327 878 decreta
355 823 450 890 sunt,
474 837 509 878 ae
531 819 662 902 probata
684 821 721 878 ab
750 823 855 879 eadem
878 823 1055 882 Sanctitate

92 914 168 983 Sua,
192 913 404 989 Amplitudiui
427 917 499 973 tuae
521 933 570 972 me
593 913 769 990 significare
791 915 967 976 mandavit.

152 1007 290 1084 Exponis
304 1008 409 1084 itaque
424 1028 482 1067 non
497 1009 544 1068 ita
558 1009 677 1086 pridem
693 1027 712 1068 a
725 1009 874 1071 nationali
889 1013 1054 1072 Conventu

91 1103 253 1161 conditum
275 1104 435 1161 decretum
457 1103 563 1173 fuisso,
587 1123 648 1179 quo
671 1103 916 1179 praescribitur,
943 1106 1056 1166 matri-

90 1195 198 1254 monia
218 1195 249 1252 in
274 1198 433 1271 posterum
455 1196 487 1252 in
510 1197 619 1270 Regno
635 1195 811 1254 Galliarum
832 1185 989 1257 celebrari
1004 1200 1056 1257 de-

90 1289 167 1347 bere
188 1305 294 1347 coram
316 1287 580 1364 Municipalitate,
602 1289 669 1346 sive
691 1306 794 1346 coram
811 1289 936 1350 officiali
952 1311 970 1351 a
985 1295 1054 1352 Mu-

90 1382 293 1458 nicipalitatc
307 1383 441 1455 delect03
457 1402 476 1443 a
490 1383 740 1458 Municipalitate
756 1401 845 1456 veru,
863 1403 916 1444 seu
933 1405 951 1444 a
965 1404 1056 1462 prae-

91 1481 266 1535 memorato
288 1475 412 1534 officiali
434 1477 532 1552 recipi
560 1494 665 1536 coram
687 1479 823 1553 quatuor
845 1478 979 1537 testibus
1001 1481 1055 1538 de-

91 1573 167 1630 bere
189 1570 431 1630 declarationem
462 1587 480 1628 a
507 1571 626 1630 futuris
647 1572 829 1650 coniugibus
851 1573 1053 1632 emittendam

91 1666 148 1724 sub
172 1666 229 1724 hac
250 1664 351 1722 forma
377 1664 560 1724 verborum:
585 1665 719 1726 Dceluro
740 1684 790 1725 ma
810 1684 933 1726 sumere
954 1669 993 1727 N.
1008 1669 1050 1727 N.

91 1763 128 1818 in
150 1761 414 1830 matrimonium
435 1777 495 1836 qua
516 1761 729 1819 declaratione
748 1762 886 1820 vicissim
900 1781 918 1820 a
933 1763 1050 1821 duobus

89 1853 277 1929 coniugibus
298 1853 393 1922 lacta,
416 1853 455 1911 ab
480 1851 605 1912 officiali
635 1855 758 1930 publico
785 1855 1052 1932 pronunciandum

89 1965 171 2018 erse,
195 1965 245 2006 eos
266 1947 297 2004 in
321 1947 444 2005 nomine
472 1947 565 2023 Legis
593 1947 775 2008 coniunctos
797 1949 883 2008 lore:
911 1949 1053 2025 praefato

90 2046 197 2100 autem
217 2041 396 2101 Nationalis
410 2043 589 2102 Conventus
612 2043 736 2103 decreto
753 2043 831 2102 nihil
847 2049 971 2102 cautum
986 2061 1052 2102 esse

89 2134 138 2192 ais
159 2134 244 2194 circa
265 2134 396 2192 formam
416 2133 635 2193 aTridentino
657 2135 796 2194 Concilio
812 2136 1051 2212 praescriptam,

89 2245 169 2303 quae
191 2227 351 2303 proiecto,
379 2227 404 2286 si
430 2228 509 2286 nihil
538 2227 622 2286 aliud
647 2228 808 2300 obstaret,
837 2229 868 2286 iu
897 2229 961 2288 vim
985 2233 1055 2288 tan·

89 2324 249 2380 tummodo
271 2321 512 2397 praememorati
532 2321 657 2380 Decreti
680 2321 842 2380 observari
864 2321 1052 2382 adamussim

88 2427 207 2490 posset.
273 2411 275 2415 ’

150 2510 195 2566 At
208 2507 339 2567 formam
354 2525 372 2566 a
387 2507 590 2582 praelaudato
605 2505 793 2566 Tridentino
806 2508 946 2568 Concilio
961 2525 1054 2585 prae-

89 2601 240 2682 scriptam
268 2619 325 2678 pro
354 2600 506 2678 coniugiis
534 2600 700 2676 ineundis,
723 2601 755 2660 in
777 2620 814 2662 ea
838 2605 951 2678 parte,
975 2621 1053 2678 quae

88 2695 220 2772 respicit
230 2695 358 2772 parochi
369 2694 593 2772 praesentiam,
609 2687 773 2756 observari
785 2696 873 2754 modo
888 2713 947 2754 non
963 2713 1053 2771 posse

88 2807 107 2849 a
129 2789 240 2848 maiori
262 2792 352 2865 parte
374 2788 514 2848 fidelium
535 2789 685 2848 dioecesis
699 2788 905 2849 Lucioneusis
921 2789 1053 2848 moleste

87 2883 173 2954 fers,
195 2886 326 2960 propter
354 2882 569 2960 legitimorum
591 2883 797 2958 parochorum
819 2881 1050 2941 deficientiam:

87 2995 150 3052 qua
171 2994 210 3034 ex
239 2994 272 3034 re
301 2975 384 3034 mala
404 2978 437 3034 et
458 2975 650 3034 incommoda
671 2974 859 3052 gravissima
889 2975 1053 3035 oboritura

86 3069 264 3146 praevides.
278 3069 370 3141 Hinc,
384 3071 420 3128 ut
429 3071 671 3145 praememorati
685 3069 888 3129 Lucionensis
903 3069 1053 3130 dioecesis

87 3163 197 3222 fideles
208 3162 240 3220 in
252 3162 500 3222 circumstantiis
511 3165 587 3224 adeo
600 3165 752 3224 luctuosis
764 3164 943 3238 constituti,
957 3165 1052 3224 liberi
1074 3177 1075 3181 ’

87 3256 290 3316 declarentur
306 3257 344 3316 ab
364 3257 566 3318 observantia
587 3259 706 3318 decreti
722 3258 901 3318 Tridentini
918 3258 1051 3320 Concilii

85 3367 145 3426 pro
167 3349 382 3426 coniugiorum
402 3350 630 3424 celebratione,
654 3351 787 3428 primum
812 3352 1049 3426 animadvertis,

87 3461 149 3502 nou
171 3461 260 3519 posse
276 3437 363 3502 cert'o
385 3445 496 3518 statui,
513 3445 708 3505 notissimum
724 3445 855 3507 Concilii
871 3447 1052 3506 Tridentini

87 3538 259 3606 decretum,
283 3536 362 3612 quod
378 3536 498 3612 legitur
513 3556 584 3598 sess.
597 3539 651 3600 24.
666 3541 704 3599 de
718 3543 887 3618 reformat.
902 3541 1048 3599 matrim.

87 3647 158 3707 cap.
179 3629 207 3702 1,
225 3629 419 3706 publicatum
441 3649 549 3710 reapse
564 3632 659 3694 fuisse
675 3633 707 3692 in
723 3633 855 3712 singulis
875 3635 1050 3695 Galliarum
