2632 4262
75 363 182 442 magni
204 368 237 424 et
256 365 399 442 Episcopi
420 368 454 425 et
468 366 624 444 Martyris
646 365 764 441 verbis3
778 384 816 426 ne
830 367 899 444 quis
921 367 965 447 sit
985 365 1038 444 qui

74 475 124 519 me
146 460 231 520 velle
256 461 344 520 abuti
366 461 489 521 nomine
518 462 713 536 arbitretur,
737 465 770 522 et
798 461 971 522 orationem
1000 465 1037 522 ad

72 555 198 616 laudem
222 557 327 634 potius
347 557 479 634 fingere,
500 576 592 635 quam
613 561 731 618 rectam
753 559 853 634 ipsam
874 561 908 618 ot
928 577 1037 618 veram

72 653 108 710 et
129 650 168 711 ab
190 652 331 710 omnibus
357 652 498 729 agnitam
520 671 555 712 ac
576 651 915 714 laudatam-rationem
938 653 1033 730 sequi.

70 742 219 820 Martyr,
237 744 351 820 inquit,
367 753 413 803 ut·
426 747 469 804 its
490 763 617 822 quoque
637 755 750 806 uotum
772 754 828 817 est,
845 747 904 823 qai
923 763 1036 822 praeco

69 837 235 908 rtcsctoot,
260 843 370 896 testem
384 840 489 896 soootss
507 839 587 898 Post
602 846 750 899 coortam
765 848 874 898 autem
885 837 1037 915 Evange-

71 930 158 987 lioae
171 930 322 987 veritatis
336 931 437 988 locem
451 927 685 1008 Ecclesiastico
706 929 900 991 consuetudo
921 937 1036 1008 coguo-

69 1022 176 1078 minis
189 1020 287 1078 lotus
309 1021 461 1082 honorem
473 1025 606 1099 proprie
627 1025 769 1084 tribucre
782 1025 885 1098 coepit
908 1025 959 1095 iis,
977 1027 1037 1100 pori

72 1117 112 1172 in
134 1115 303 1174 tormentis
323 1133 425 1192 usque
446 1115 489 1175 od
509 1124 645 1176 mortem
664 1117 891 1192 perdurarunt
907 1119 943 1175 io
960 1135 1036 1192 pro-

69 1208 212 1290 fessione
222 1209 366 1268 nominis
377 1205 452 1268 Iesu
467 1207 601 1280 Christi,
615 1218 647 1270 et
659 1209 895 1286 Evoopeticum
908 1209 1037 1268 lustro-

69 1309 219 1360 mucram
239 1305 402 1379 sanguiue
422 1321 478 1362 sao
492 1307 581 1364 velot
596 1305 813 1380 obsignarunt
828 1302 917 1378 opud
931 1303 1036 1362 iocre-

70 1393 165 1453 dulos
180 1392 235 1474 (1).
253 1394 312 1456 Ubi
335 1396 391 1455 vix
412 1398 716 1457 commemorandum
735 1412 854 1467 censeo,
871 1411 964 1471 quum
980 1413 1035 1471 sp·

70 1487 186 1564 pellari
202 1488 382 1566 sanguinem
397 1489 552 1563 audimus,
563 1489 641 1548 nihil
654 1507 730 1566 opus
741 1506 820 1562 esse,
834 1490 870 1547 ut
884 1487 1033 1565 distringi

70 1597 173 1652 enses,
188 1581 329 1657 expediri
343 1599 459 1656 serras,
475 1582 545 1643 acui
557 1583 703 1660 sagittas,
716 1581 804 1642 educi
818 1582 975 1655 cultellos,
988 1599 1036 1642 se·

70 1672 139 1734 cari
152 1691 258 1747 venas,
271 1677 525 1737 transverberari
542 1682 699 1748 ventrem,
715 1676 780 1736 fodi
799 1679 921 1754 pectus,
931 1679 1035 1736 trans-

70 1765 127 1843 figi
148 1767 309 1844 iugulum,
332 1769 469 1829 abscindi
495 1773 611 1848 caput,
639 1773 746 1830 cetera
767 1769 836 1829 fleri
857 1769 1031 1842 videamus,

70 1875 149 1935 quae
171 1859 257 1920 rivos
278 1861 361 1938 ipsos
382 1862 543 1940 sanguinis
565 1865 733 1922 deducunt.
751 1864 833 1930 Quot
854 1863 936 1922 enim
960 1864 1033 1921 sunt

69 1958 104 2014 et
124 1953 237 2012 summi
254 1958 291 2014 'st
319 1955 510 2015 sanctissimi
533 1958 707 2033 Martyres,
729 1973 862 2032 quorum
885 1974 904 2015 a
925 1971 1034 2032 corpo-

70 2046 160 2106 ribus
182 2047 287 2107 nullus
308 2049 431 2110 effluxit
451 2067 556 2124 cruor,
573 2053 609 2110 ut
630 2049 653 2108 ii
675 2049 786 2126 quibus
808 2050 859 2109 rel
881 2049 1033 2126 profundo

70 2157 203 2216 aequore
219 2141 381 2216 demersis,
400 2143 450 2202 vel
472 2142 566 2216 fame,
580 2143 632 2202 vel
648 2142 780 2219 frigore,
797 2141 847 2201 vel
863 2142 958 2201 exilio
971 2157 1035 2200 mo·

69 2233 214 2293 riendum
235 2233 318 2294 fuitt
332 2237 467 2304 Quorum
483 2237 659 2297 alaudibus
675 2236 700 2296 si
716 2235 784 2312 quis
799 2235 949 2313 martyrii
966 2235 1034 2294 lau-

69 2327 138 2386 dem
161 2329 330 2388 detrahere
350 2334 493 2407 conetur,
507 2331 535 2392 is
547 2330 689 2392 fateatur
704 2329 821 2407 potius,
838 2347 869 2390 se
884 2347 960 2406 quos
974 2331 1033 2389 Ec-

68 2419 166 2480 clesia
177 2422 338 2500 Martyres
352 2424 503 2502 appellet,
513 2441 636 2502 semper
650 2425 822 2502 ignorasse.
836 2423 918 2482 Sunt
932 2421 1032 2500 igitur
1057 2481 1060 2488 ,

67 2517 145 2576 haec
159 2515 206 2578 ita
227 2521 302 2580 nota
321 2519 463 2579 omnibus
484 2525 518 2580 et
538 2524 725 2598 pervagata,
743 2521 831 2578 utne
855 2516 951 2578 ullius
964 2515 1034 2594 qui·

67 2611 139 2670 dem
159 2615 274 2688 egeant
294 2613 612 2674 commemorationis.
628 2613 727 2680 Quale
749 2614 852 2671 autom
875 2609 1032 2670 nobilissi-

67 2721 153 2764 mum
175 2705 291 2766 dicturi
319 2707 509 2786 martyrium
538 2707 714 2768 rectissime
742 2704 965 2780 verissimeque
988 2703 1032 2764 si·

66 2814 149 2872 mus,
172 2817 275 2860 annon
298 2801 350 2860 vol
371 2801 398 2860 si
420 2819 534 2879 pueros
555 2792 639 2878 ipsos
659 2795 977 2874 interrogaverimus,
999 2795 1031 2854 id

66 2907 134 2951 esse
147 2893 328 2970 responsuri
342 2898 448 2968 erunt,
462 2895 493 2954 in
509 2912 569 2972 qno
586 2899 620 2954 et
634 2891 817 2952 inferendae
836 2887 950 2948 mortis
961 2904 1033 2965 per-

66 2987 174 3061 specta
195 2991 228 3046 et
248 3004 338 3064 saepe
367 2987 474 3049 oblata
494 2986 592 3048 oculis
622 2985 722 3046 fuerit
743 2984 891 3044 voluntas
913 2984 945 3041 ct
966 2982 1032 3040 tor·

65 3080 244 3138 mentorum
266 3097 303 3140 ea
323 3079 373 3140 ris
394 3079 494 3142 fuerit
514 3099 592 3158 quae
619 3078 795 3158 acerbitate
816 3094 853 3137 ac
875 3073 1033 3134 dinturni-

66 3173 135 3230 tate
155 3170 223 3248 ipsa
245 3190 368 3232 omnem
381 3175 507 3234 modum
529 3172 663 3246 vicerit3
686 3174 720 3232 st
741 3170 795 3248 qui
817 3185 922 3230 necem
944 3170 1031 3228 attu-

65 3263 177 3336 lerint,
193 3264 226 3323 hi
239 3263 358 3324 suerint
379 3265 547 3326 increduli:
562 3265 713 3343 professio
725 3280 802 3323 uero
813 3261 882 3340 ipsa
896 3259 1032 3320 nominis

66 3357 246 3432 christiani,
259 3359 496 3436 obsignatioquc
505 3357 683 3437 evangelici
698 3355 904 3418 instrumenti
915 3372 953 3414 ea
966 3353 1031 3412 fue·

131 3565 166 3619 (1)
184 3563 304 3626 cyprian.
318 3561 349 3612 do
359 3562 436 3624 Dupl.
448 3564 555 3622 Martyr.
565 3561 641 3622 paulo
657 3562 716 3620 post
729 3559 788 3612 init·
