2624 4260
673 259 710 272 ...
733 229 792 290 206
814 262 851 276 ..

283 333 347 394 Noi
369 333 441 392 nell'
454 333 637 410 implorarle
659 335 709 394 dai
731 335 816 394 Oielo
837 337 857 394 l'
871 338 1067 397 abbondanza
1089 338 1178 397 delle
1204 339 1255 396 di·

284 426 357 486 vine
384 427 488 502 granio
510 428 546 485 ed
569 427 648 486 aiuti
670 428 698 486 le
721 429 821 488 diamo
847 430 1116 491 affettuosamente
1137 432 1174 490 la
1197 452 1256 508 pa·

286 520 377 578 terna
397 521 567 596 apostolica
590 521 800 582 benedizione.

344 615 458 673 Datum
474 613 654 674 Florentiae
676 615 708 672 in
728 615 878 684 Ooenobio
892 617 1178 677 Carthusianorum
1198 618 1253 677 die

281 707 360 765 XVI
386 707 524 768 Ianuarii
552 709 780 780 MDOGXOIX,
809 709 1017 769 Pontificatus
1045 711 1156 770 Nostri
1193 731 1253 772 an-

246 838 249 846 ·
287 818 326 858 no
348 803 464 861 XXIV.

582 1042 731 1096 Iratlna
753 1047 889 1098 versio
911 1039 956 1117 (l)

598 1233 790 1275 VENERABILI
811 1233 931 1278 FRATRI

634 1396 888 1456 OCTAVIO

523 1562 769 1642 archiepiscopo
795 1565 1008 1624 Nazianzeco

461 1729 660 1810 PIUS
719 1730 936 1806 PnPn
989 1729 1123 1806 Vi„

403 1931 490 1986 ven.
505 1930 637 2002 Frater,
660 1933 811 1989 Salutem
833 1934 868 1987 et
888 1929 1125 1998 apostolicam

612 2025 907 2083 Benedictionem.

345 2205 392 2264 Ad
413 2207 561 2264 Nostram
589 2205 734 2280 pervenit
760 2205 924 2274 notitiam,
947 2203 1026 2278 quod
1047 2203 1083 2260 D.
1101 2201 1246 2270 Passeri,

187 2283 190 2288 Α
282 2315 354 2356 oum
377 2299 569 2370 diseederet,
593 2300 636 2356 Te
666 2297 889 2374 subrogaverit
913 2297 944 2354 in
972 2293 1070 2353 officio
1100 2294 1250 2369 Vicesge-

179 2407 181 2410 ·
286 2389 386 2448 rentis
419 2391 555 2460 Romae,
591 2389 736 2466 illiusque
764 2391 939 2448 districtus.
970 2389 1059 2446 Hunc
1088 2386 1248 2445 deiectum

281 2483 490 2558 approbamus
512 2499 567 2558 pro
589 2487 674 2542 certo
696 2483 855 2553 habentes,
873 2483 916 2540 Te
931 2499 986 2556 pro
1002 2485 1056 2539 tua
1075 2478 1249 2556 vigilantia

285 2595 321 2635 ac
343 2575 496 2652 sapientia
517 2575 632 2652 optimo
654 2577 833 2636 functurum
855 2595 890 2634 eo
912 2593 1051 2645 micuere,
1072 2575 1156 2656 quod
1172 2572 1249 2631 Tibi
1307 2571 1308 2648 ζ

285 2669 316 2728 in
340 2673 404 2730 tam
433 2669 539 2728 arduis
568 2687 674 2728 rerum
706 2669 951 2730 circumstantiis
979 2667 1163 2744 impositum
1184 2668 1246 2724 est.

284 2764 381 2826 Nobis
402 2762 529 2840 insuper
549 2781 729 2840 persuasum
751 2766 810 2835 est,
833 2765 963 2822 eundem
985 2765 1021 2821 D.
1039 2762 1172 2819 Passeri
1186 2777 1248 2818 non
1307 2771 1308 2830 l

282 2858 424 2916 omisisse
434 2859 548 2916 Tecum
559 2861 749 2934 opportunas
764 2856 992 2916 communicare
1004 2853 1246 2924 instructiones,

284 2971 341 3028 pro
356 2951 485 3010 maximi
507 2952 656 3010 momenti
671 2951 804 3028 negotiis
818 2950 1024 3027 capessendis,
1037 2953 1070 3008 et
1082 2948 1249 3024 signanter

285 3043 357 3101 Tibi
372 3045 409 3101 ab
423 3061 459 3100 eo
480 3043 681 3103 manifestata
702 3043 796 3102 luisse
812 3046 900 3102 certa
920 3043 1018 3102 animi
1030 3039 1141 3102 Nostri
1157 3057 1250 3098 sensu

279 3135 322 3194 de
343 3135 518 3194 iuramento
540 3137 766 3196 constitutione
789 3157 918 3198 romana
939 3134 1144 3214 praescripto.
1169 3135 1248 3193 Cum

286 3246 361 3287 vero
376 3229 519 3304 pluribus
534 3248 573 3288 ex
594 3229 671 3288 loeis
687 3231 736 3289 hio
755 3232 934 3291 nuntiatum
950 3230 1002 3300 sit,
1017 3227 1249 3305 professoribus

282 3321 523 3395 'universitatis
546 3340 624 3398 quae
652 3326 766 3383 Romae
788 3329 853 3398 est,
876 3323 1029 3383 indictum
1051 3322 1114 3380 iam
1136 3320 1248 3394 fuisse,

346 3453 381 3504 (l)
399 3451 468 3507 Quae
484 3451 593 3498 habetur
608 3453 636 3498 in
653 3453 756 3500 collect.
774 3455 848 3500 Brev.
862 3453 901 3499 Pii
918 3455 953 3500 VI
970 3453 1036 3502 Edit.
1054 3455 1124 3500 1800.
1138 3456 1211 3501 Tem.
1224 3456 1247 3502 2.

279 3539 342 3588 pag.
361 3527 416 3574 259.
