2632 4262
699 269 877 329 -306-

307 375 502 435 subscribere
531 375 679 434 iubentur
707 379 777 452 post
803 375 919 436 aditam
948 373 1020 433 fidei
1045 373 1264 450 professionem

307 468 399 528 iuxta
420 467 586 528 termulam
607 469 839 530 Ρ11.ΙΙΙ.ΙΙ.2.

364 562 481 622 Altieri
505 561 664 622 Vincentii
686 562 805 624 Mariae
830 561 1062 621 cardinalatum
1089 559 1264 619 abdicantis

305 653 502 714 renunciatio
517 671 536 711 a
551 653 607 712 Pio
623 655 667 714 Vl
681 653 876 714 admittitur.
893 655 933 712 ΙΙ.
951 653 1019 714 176.
1030 651 1144 712 -lllius
1166 656 1266 728 prote·

307 745 403 806 statio
425 745 477 804 vel
498 745 699 806 retractatio.
716 745 787 808 250.

365 837 584 898 Ambianensis
598 838 767 916 Episcopus
782 837 988 916 (Ludovious)
1001 837 1149 898 -Summi
1164 837 1265 896 Ponti·

306 933 373 993 ficis
393 933 432 990 ad
455 949 525 990 eum
547 931 704 1009 Epistola.
717 933 741 992 Ι.
754 933 817 992 36·
838 943 840 950 ·

365 1025 501 1103 Angliae
510 1025 606 1103 Regis
617 1025 746 1103 Georgii
760 1025 938 1086 liberalitas
953 1044 1030 1102 erga
1043 1024 1265 1084 ecclesiasticos

307 1119 415 1180 Gallos
430 1119 497 1178 illio
513 1119 705 1192 exsulantes,
722 1123 756 1178 et
770 1118 920 1178 beneficia
934 1117 1098 1178 catholicis
1118 1117 1177 1175 sibi
1200 1118 1265 1174 sub
1302 1133 1303 1138 ¹

309 1213 384 1272 ditis
396 1213 434 1272 ab
446 1231 481 1272 eo
496 1213 623 1272 collata.
635 1215 659 1273 Ι.
670 1213 742 1286 348,
759 1213 829 1272 376.
840 1245 857 1257 -
868 1213 907 1272 ΙΙ.
922 1213 972 1279 44,
987 1214 1037 1284 47,
1050 1211 1101 1283 49,
1116 1211 1185 1282 194,
1199 1211 1263 1269 237.

366 1306 558 1384 Anglicanae
573 1307 822 1365 consuetudines.
838 1307 861 1364 Ι.
873 1307 944 1365 427.
963 1305 1041 1364 Vide
1057 1303 1267 1364 Consuetudi-

305 1417 389 1461 aes.·
399 1399 533 1476 Angliae
548 1402 581 1459 et
594 1399 763 1459 Hiberniae
777 1399 941 1459 catholicis
956 1399 1073 1457 Paulus
1086 1399 1114 1457 V
1125 1398 1267 1473 prohibet
1302 1445 1303 1492 p

308 1493 555 1552 communionem
585 1510 655 1550 cum
683 1492 871 1565 haereticis,
901 1495 935 1551 et
960 1491 1173 1551 iuramentum
1194 1490 1267 1566 quod
1302 1503 1303 1538 1

307 1587 506 1665 exigebatur.
524 1588 547 1646 Ι.
564 1575 636 1659 434,
652 1586 722 1646 438.
1302 1599 1303 1652 i

366 1681 474 1742 Aulioi
496 1681 633 1740 Thomae
658 1680 887 1740 cardinalatum
909 1679 1084 1739 abdicantis
1106 1678 1266 1737 renuncia·
1302 1659 1303 1676 ¹

307 1775 426 1835 tionem
448 1773 596 1833 Pontifex
618 1773 771 1834 admittit.
795 1775 836 1832 ΙΙ.
853 1774 920 1832 174.
937 1807 954 1819 -
968 1773 1059 1832 Illius
1081 1771 1265 1848 protestatio

311 1890 363 1932 seu
385 1871 584 1930 retractatio.
600 1869 672 1930 254.

370 1963 532 2023 Antonelli
551 1962 727 2024 Oardinalis
748 1962 890 2039 Epistola
911 1961 948 2020 de
969 1959 1148 2020 iuramento
1172 1960 1268 2020 fideli-

308 2055 386 2117 tatis
407 2055 610 2131 Reipublicae
632 2055 772 2115 Gallicae
794 2054 1000 2114 61611222.

368 2149 548 2226 Apostolica
579 2149 657 2207 Sede
686 2154 819 2207 vacante
848 2147 921 2224 quid
950 2147 982 2204 in
1010 2165 1084 2206 casu
1104 2149 1266 2223 agendum.
1302 2135 1303 2164 ³

308 2245 388 2304 Vide
411 2241 578 2303 Conclaoe.

367 2336 603 2411 Appellationes
624 2336 662 2393 ad
684 2333 908 2412 Magistratum
933 2333 1060 2394 civilem
1086 2351 1179 2410 quam
1205 2333 1268 2392 ille-

309 2427 451 2506 gitimae.
468 2430 492 2486 Ι.
509 2429 560 2487 91.
719 2485 724 2494 ,

369 2520 524 2597 Aquensis
551 2519 720 2597 Episcopus
749 2519 898 2600 (Carolus
927 2523 1088 2598 Augustus
1113 2519 1267 2597 Lequien)
1302 2527 1303 2534 ’

309 2617 471 2677 laudatur.
489 2615 513 2672 1.
534 2613 601 2673 151.
1302 2607 1303 2626 ³

369 2707 649 2785 Argentorateusis
660 2707 831 2784 Episcopus
844 2707 1033 2784 (Ludovicus
1046 2699 1223 2768 cardinalis
1235 2707 1269 2764 dc

310 2799 459 2880 Rohan)-
470 2801 590 2862 Summi
606 2801 769 2860 Pontificio
784 2804 822 2860 ad
837 2819 906 2860 eum
921 2801 1074 2878 Epistola.
1086 2803 1110 2860 1.
1122 2801 1191 2872 166,
1201 2799 1269 2858 376.

309 2897 522 2956 -Facultates
544 2897 642 2954 cidem
658 2913 829 2954 concessae.
844 2895 916 2966 202,
929 2895 1272 2955 204.·Instructionem

309 2991 348 3047 ad
369 2989 496 3049 Glerum
519 2988 703 3047 mittendam
718 2987 918 3063 Apostolicac
940 2989 1028 3045 Sedis
1051 2987 1162 3046 iudicio
1178 2986 1273 3045 subii·
1302 3001 1303 3006 ¹

312 3081 368 3140 cit.
381 3081 421 3138 11.
440 3078 619 3144 lau-Qud
636 3080 782 3139 Pontifex
796 3081 975 3140 distinctius
991 3080 1021 3137 in
1038 3100 1074 3140 ea
1088 3080 1272 3156 explicanda

310 3171 553 3230 censueritl‘28.
573 3176 883 3250 -Argentoratenses
907 3174 1078 3232 catholicos
1106 3177 1214 3232 monet
1239 3175 1273 3230 ut

310 3263 471 3338 praedicto
492 3265 641 3342 Episcopo
668 3267 745 3327 licet
766 3268 871 3345 inique
892 3287 911 3328 a
932 3285 988 3326 sua
1012 3268 1083 3326 sede
1107 3267 1272 3326 deturbato

273 3352 278 3364 '
313 3357 402 3416 unice
424 3357 626 3418 adhaereant.
649 3363 673 3419 Ι.
693 3363 761 3422 169.
882 3427 887 3439 .

370 3451 658 3524 augustodunensis
679 3456 849 3532 Episcopus
871 3458 1012 3534 (Carolus
1027 3455 1212 3536 Mauritius)
1228 3475 1274 3514 sa·

311 3549 470 3606 eramento
495 3544 592 3604 civico
614 3564 646 3604 sc
671 3548 854 3627 obstringit.
872 3552 895 3609 Ι.
916 3550 1125 3626 llO.-Incpta
1152 3565 1273 3625 compa·
