2582 4270
254 390 413 463 trahereS,
433 390 471 448 ad
486 408 578 466 quam
594 393 626 450 te
640 408 843 451 reversurum
858 391 925 450 fore
947 407 1118 468 speramus.
1131 391 1226 466 Nunc

255 486 361 544 autem
374 483 534 542 occasione
550 487 679 560 arrepta
693 483 786 544 huius
798 483 966 544 familiaris
981 484 1134 543 internos
1149 495 1226 572 cun·

254 576 431 636 suetudinis
448 578 480 635 te
496 575 588 636 enixe
600 594 727 636 oramus
739 580 833 653 atque
848 577 1058 650 obsecramus,
1074 581 1110 636 ut
1123 577 1225 636 animi

255 670 366 732 Nostri
388 670 545 746 interpres
563 688 598 728 ac
620 671 713 730 testis
735 671 865 730 effectus
887 669 966 730 velis
988 676 1123 748 augusto
1137 672 1228 746 patri

256 768 312 824 tuo
326 765 458 841 Magnae
479 764 664 824 Britanniae
689 764 759 841 regi
780 764 902 823 illustri
931 765 1085 824 maximas
1105 765 1228 824 Nostro

256 859 381 917 nomine
396 861 503 934 grates
517 859 699 935 rependere,
717 861 784 918 tum
800 861 929 936 propter
943 858 1115 935 hospitium
1131 861 1227 917 tanta

257 969 327 1012 cum
349 951 564 1012 munificentia
578 953 737 1011 exsulibus
753 953 874 1029 gallicis
889 952 1112 1012 ecclesiasticis
1133 969 1228 1028 prae-

257 1044 371 1116 bitum,
384 1045 494 1103 nedum
516 1063 571 1103 suo
593 1046 749 1122 exemplo,
762 1045 814 1104 sed
830 1045 925 1104 etiam
942 1044 1040 1122 regiis
1055 1044 1228 1121 encyclicis

256 1137 390 1210 litteris,
410 1155 487 1214 quae
501 1136 599 1214 ipsius
614 1156 724 1196 nomen
739 1141 870 1200 aeterna
890 1141 971 1214 apud
998 1141 1140 1214 posteros
1157 1137 1230 1214 glo-

257 1231 309 1292 ria
329 1231 551 1304 cumulabunt;
574 1235 641 1290 tum
662 1237 793 1308 propter
815 1232 945 1309 antiqua
966 1249 1074 1304 onera,
1090 1233 1159 1308 ipso
1179 1231 1229 1290 ie-

258 1323 366 1384 liciter
386 1323 585 1400 imperante,
607 1325 772 1385 catholicis
794 1343 920 1386 suarum
943 1325 1097 1384 ditionum
1118 1324 1231 1382 immi·

257 1420 336 1476 nuta
350 1419 406 1476 aut
419 1418 574 1494 adempta3
591 1423 658 1477 tum
674 1419 806 1496 denique
821 1421 951 1496 propter
962 1419 1111 1478 mandata
1125 1436 1231 1494 nuper

258 1511 397 1588 egregiis
415 1511 544 1569 ducibus
564 1511 804 1571 florentissimae
826 1530 900 1572 suae
921 1511 1032 1572 classis
1052 1512 1091 1570 ab
1116 1512 1230 1570 eodem

258 1605 333 1663 data
353 1604 391 1662 ad
417 1604 583 1663 arcendam
606 1623 726 1663 omnem
748 1606 896 1666 hostilem
925 1605 991 1664 vim
1013 1623 1031 1663 a
1053 1605 1231 1665 ditionibus

257 1698 403 1770 Nostris,
425 1701 458 1756 et
482 1697 521 1756 ab
541 1697 615 1757 aliis
635 1699 749 1758 Italiae
775 1699 969 1777 regionibus.
993 1699 1076 1765 Quae
1098 1699 1231 1775 quidem

258 1809 310 1851 res
331 1791 416 1850 tanti
443 1793 524 1866 apud
545 1793 609 1852 Nos
637 1795 728 1865 sunt,
759 1795 796 1852 ut
816 1793 964 1870 quidquid
987 1791 1148 1853 Celsitudo
1170 1795 1232 1851 tua

260 1883 379 1943 dixerit
400 1885 438 1942 ad
463 1886 597 1945 Nostros
626 1885 711 1962 grati
727 1885 829 1965 'animi
850 1904 959 1946 sensus
974 1884 1230 1962 patefaciendae,

258 1978 290 2036 id
312 1961 402 2036 omne
430 1979 533 2038 minus
553 1997 630 2039 vero
652 1981 795 2040 futurum
817 1981 881 2052 sit3
904 1999 940 2040 eo
962 1980 1013 2038 vel
1035 1979 1175 2039 maxime
1198 1980 1249 2062 si,

259 2077 293 2132 te
307 2073 364 2131 hoc
375 2091 504 2133 munere
518 2075 642 2134 Nostris
654 2075 758 2135 verbis
773 2075 1148 2162 defungente1augeatum
1159 2073 1232 2131 vel·

259 2165 309 2226 uti
331 2171 418 2227 certo
439 2187 600 2245 speramus
614 2169 769 2242 futurum,
782 2169 911 2246 egregia
925 2169 1074 2228 voluntas
1088 2169 1231 2244 Magnae

258 2260 445 2322 Britanniae
467 2263 551 2340 regis
572 2263 709 2323 illustris
730 2281 808 2340 erga
828 2261 971 2321 infelices
992 2260 1230 2320 ecclesiasticos

259 2356 351 2432 regni
372 2355 559 2428 Galliarum,
585 2359 618 2415 et
638 2375 714 2432 erga
735 2355 905 2414 catholicos
927 2372 997 2414 cum
1017 2355 1155 2414 Nostrae
1179 2352 1234 2410 di-

259 2447 368 2520 rionis,
390 2451 457 2506 tum
472 2449 585 2508 Italiae
608 2448 785 2507 universae.
802 2448 881 2506 Hinc
904 2465 940 2506 eo
962 2445 1074 2505 maiori
1097 2449 1233 2520 reputa·

259 2540 362 2600 bimus
382 2543 446 2602 Nos
467 2541 570 2601 teneri
592 2541 759 2600 officiorum
781 2559 857 2618 erga
879 2545 910 2600 te
933 2539 1074 2612 vinou10,
1090 2556 1231 2614 quorum

259 2652 353 2695 causa
367 2653 533 2712 numquam
547 2637 611 2696 Nos
633 2635 788 2695 deerImus
805 2651 951 2695 unacum
975 2631 1159 2692 memoratis
1174 2649 1233 2690 ec-

259 2728 444 2789 clesiasticis
464 2732 498 2788 et
518 2729 694 2802 catholicis,
717 2746 832 2806 rogare
852 2730 950 2788 Deum
971 2725 1131 2802 Optimum
1153 2725 1234 2783 Ma·
1289 2798 1290 2805 ἵ

202 2817 205 2825 ’
257 2822 379 2881 ximum
406 2839 461 2898 pro
490 2821 708 2882 incolumitate
734 2826 828 2898 atque
858 2819 1015 2878 felicitate
1043 2817 1232 2878 Maiestatis

259 2921 345 2988 tuae,
366 2919 439 2974 tuac
460 2914 674 2987 celsitudinis,
695 2914 854 2990 totiusque
869 2913 976 2990 regiae
990 2911 1141 2971 familiae.

320 3011 435 3068 Datum
449 3011 579 3081 Romae,
595 3009 644 3068 die
659 3011 689 3068 II
703 3008 896 3084 Septembris
910 3007 1131 3078 MDCOXOIII,
1145 3005 1234 3064 Pon-

259 3101 401 3161 tificatus
421 3101 531 3162 Nostri
552 3119 631 3162 anno
652 3103 739 3161 XIX.
904 3133 906 3136 ·
1023 3141 1024 3144 κ
