2606 4268
473 245 631 305 -99..

477 414 625 469 xxix.

381 529 575 577 varunnam
596 521 717 578 rnnrar

311 680 491 741 PETRO
523 682 800 742 LUDOVIGO

305 826 555 905 Arcbiepiscopo
578 829 808 890 Ebrodanensi

248 1011 449 1092 PIUS
512 1013 732 1088 ΡΑΡΑ
793 1014 859 1091 VI.

184 1201 273 1258 Ven.
297 1200 430 1272 Frater,
453 1203 604 1260 Salutem
627 1205 663 1259 et
683 1203 920 1272 apostolicam

407 1296 704 1355 Benedictionem.

129 1466 317 1543 Accepimus
331 1467 558 1527 Fraternitatis
572 1471 646 1528 tuae
661 1468 788 1528 litteras
803 1467 864 1526 diei
879 1467 917 1528 10
928 1468 1041 1527 Martii

66 1559 165 1620 huius
186 1561 261 1620 anni
283 1561 390 1637 plenas
405 1563 628 1623 observantiae
643 1581 679 1622 ac
695 1563 871 1622 devotionis
884 1580 961 1639 erga
974 1563 1043 1624 Nos

65 1657 157 1727 tuae,
179 1653 291 1730 quibus
312 1655 478 1732 alligatam
500 1657 614 1716 misisti
637 1657 831 1733 pastoralem
852 1655 1043 1718 Instructio-

67 1766 155 1820 nem,
179 1749 216 1807 de
239 1767 300 1824 qua
319 1751 469 1809 Nostram
492 1749 613 1826 rogasti
635 1749 845 1822 sententiam,
868 1755 1043 1826 antequam

69 1858 141 1900 eam
164 1839 290 1918 publica
311 1841 381 1902 luce
403 1842 545 1902 donares.
569 1843 670 1902 Huius
685 1861 796 1920 scopus
811 1842 868 1901 vix
882 1843 980 1904 Nobis
995 1842 1042 1901 in·

70 1934 191 2006 notuit,
215 1935 324 1994 statim
346 1935 449 1994 animo
465 1936 662 2012 concepimus
678 1953 871 2013 summopere
885 1955 1042 1996 commen-

71 2028 209 2088 dandum
224 2046 292 2088 esse
306 2029 537 2090 Fraternitetis
552 2034 625 2089 tuae
641 2031 791 2103 studium,
807 2049 867 2107 quo
882 2031 1044 2090 excitatus

70 2121 316 2182 luctuosissimis
343 2123 430 2182 hisce
458 2124 651 2200 temporibus
673 2123 846 2200 proeliatus
867 2141 900 2184 es
921 2123 1045 2200 proelia

72 2216 212 2276 Domini.
229 2217 312 2276 Illud
327 2217 411 2276 enim
426 2217 590 2294 suscepisti
605 2220 863 2294 pertractandum
878 2235 1045 2294 argumen·
1144 2283 1145 2286 Ἴ

71 2309 154 2380 tum,
177 2328 238 2386 quo
261 2310 385 2370 nullum
400 2311 482 2372 forte
497 2312 610 2371 utilius
624 2329 681 2388 pro
697 2312 858 2388 spirituali
873 2312 921 2372 tui
937 2312 1044 2390 gregis

71 2403 195 2476 salute,
225 2404 348 2466 nullum
370 2424 489 2482 quoque
512 2405 722 2483 opportunius
744 2405 872 2466 videtur
898 2423 964 2466 esse
986 2423 1044 2484 pro

71 2497 255 2558 miserrimo
283 2499 340 2558 illo
370 2502 479 2572 statu,
507 2501 544 2561 ad
569 2518 661 2576 quem
683 2499 812 2560 redacta
840 2518 921 2560 nunc
942 2503 991 2560 est
1012 2500 1044 2560 in

73 2591 191 2652 Galliis
203 2592 330 2670 religio:
344 2612 449 2654 omnes
466 2593 620 2672 siquidem
634 2597 749 2654 norunt
761 2593 833 2671 quid
848 2593 938 2653 illins
952 2593 1045 2670 regni

72 2687 253 2747 Novatores
274 2686 378 2748 animo
400 2705 455 2746 suo
477 2687 691 2764 conceperint,
714 2687 787 2764 quid
811 2704 904 2764 opere
926 2685 1041 2757 moliti,

73 2779 150 2856 quid
172 2779 305 2856 denique
327 2771 361 2840 vi
376 2781 474 2842 etiam
488 2781 632 2841 adhibita
647 2779 773 2840 executi
787 2779 920 2851 fuerint,
934 2779 971 2836 ut
984 2781 1046 2838 Re·
1164 2799 1167 2804 ·

73 2872 231 2950 ligionem
252 2873 352 2950 ipsam
374 2893 434 2934 non
449 2874 680 2936 labefactarent
695 2872 806 2942 solum,
823 2871 988 2931 sedetiam
1004 2869 1043 2950 (si
1092 2917 1094 2920 .

73 2966 148 3026 fleri
176 2967 295 3045 posset)
324 2967 450 3044 penitus
478 2967 711 3026 subverterent.
737 2967 780 3026 Ut
801 2964 904 3042 igitur
931 2965 1044 3024 horum

75 3059 322 3136 malignantium
344 3063 432 3119 muta
453 3059 568 3119 fierent
587 3059 672 3118 labia
692 3057 810 3130 dolosa,
833 3063 960 3116 nostrae
982 3059 1046 3117 Re-

74 3152 206 3231 ligionis
229 3151 399 3216 veritatem
422 3171 440 3212 a
462 3151 611 3228 captiosis
633 3151 963 3228 argumentationibus
977 3149 1048 3226 pbi-

75 3246 281 3323 losophorum
309 3245 402 3305 huius
423 3245 541 3304 saeculi
563 3243 782 3304 vindicandam
805 3244 986 3322 suscepisti3
1011 3247 1046 3304 ut

77 3341 128 3417 qui
150 3341 262 3400 fideles
284 3341 373 3400 stant
393 3341 632 3413 confirmentur,
655 3337 708 3416 qui
731 3357 806 3398 vero
827 3339 991 3402 ambulant
1013 3340 1046 3397 in

77 3434 221 3494 tenebris
249 3437 282 3494 et
303 3435 414 3494 umbra
434 3433 547 3494 mortis
568 3433 606 3494 ad
628 3431 812 3505 Ecclesiam,
836 3431 918 3492 lucis
939 3435 973 3492 et
995 3450 1047 3489 ve-

77 3526 188 3590 ritatis
212 3526 344 3604 fontem,
367 3529 510 3588 redeant.

926 3627 943 3658 *lc
