2582 4270
110 397 217 458 Maria
238 397 380 458 Stwarta
399 398 567 458 Scotorum
583 398 716 476 Regina,
732 398 836 460 Iacobi
851 400 880 458 V
895 398 1019 459 Scotiae

45 491 138 568 regis
159 489 239 563 filia,
263 494 297 550 et
316 491 479 552 Francisci
501 492 531 552 ΙΙ
552 491 729 552 Galliarum
747 492 833 570 regis
848 491 959 565 vidua,
977 491 1022 552 ti-

46 584 138 643 tulos
159 587 193 644 et
221 582 359 662 insignia
387 601 497 661 regum
518 585 652 662 Angliae
681 602 750 645 cum
779 585 1018 663 assumpsisset,

43 695 131 755 quae
151 676 216 738 iam
236 676 335 754 Angli
355 678 394 736 ad
415 677 630 739 Elisabetham
659 678 863 753 detulerant,
887 681 1019 757 quantas

45 771 86 832 ab
109 772 220 844 eadem
242 769 365 830 aemula
386 773 420 829 et
438 769 611 832 afactiosis
633 770 828 838 (talsinianis¹
841 771 1019 832 hominibus

42 881 219 926 aerumnas
233 862 347 923 tulerit
361 864 414 924 vel
436 882 492 941 per
513 864 654 938 insidias,
670 865 721 926 vel
737 884 792 943 per
812 866 877 924 vim
892 865 1015 938 illatas,

46 959 185 1036 plurimi
206 959 358 1018 enarrant
377 958 543 1020 Historiei.
567 960 664 1038 Saepe
685 961 864 1022 carceribus
884 960 1018 1035 inclusa,

47 1071 144 1128 saepe
166 1050 305 1110 iudicum
327 1051 464 1112 examini
486 1052 626 1114 subiecta
647 1056 835 1132 respondere
856 1071 1022 1114 recusave-

47 1150 118 1219 rat,
142 1161 213 1204 cum
235 1143 356 1204 diceret
377 1144 532 1222 Reginam
553 1165 585 1206 se
608 1147 668 1208 soli
688 1150 753 1208 Deo
778 1147 865 1208 vitae
880 1165 953 1207 suae
967 1164 1020 1230 ra-

49 1240 173 1298 tionem
188 1237 319 1296 reddere
335 1237 448 1297 teneri:
466 1239 590 1300 tandem
605 1240 700 1300 toties
718 1239 867 1316 varieque
890 1243 1019 1312 vexata,

47 1330 232 1410 respondit,
249 1329 372 1390 obieeta
385 1329 480 1390 diluit
502 1332 645 1406 crimina,
662 1350 749 1392 suam
763 1332 912 1410 probavit
926 1331 1021 1392 inno·

46 1423 206 1484 centiam.
222 1423 292 1484 Non
313 1422 432 1481 idcirco
455 1425 561 1483 tamen
583 1443 602 1484 a
622 1427 766 1502 suscepte
786 1424 957 1500 iniquitate
971 1424 1021 1484 iu-

48 1518 140 1577 dices
156 1535 189 1575 se
204 1515 450 1589 continuerunt3
473 1516 506 1574 in
527 1535 596 1576 eam
611 1521 770 1595 tamquam
785 1535 884 1592 ream,
898 1519 1021 1596 iamque

45 1609 247 1681 convictam,
269 1607 382 1668 mortis
403 1611 654 1686 pronunciarunt
672 1611 873 1684 sententiam3
896 1629 932 1672 ac
955 1614 1021 1670 tum

48 1720 151 1779 super
172 1705 320 1779 pegmate
340 1706 436 1780 caput
456 1701 537 1761 illud
558 1703 680 1780 regium
701 1703 765 1763 fuit
785 1703 1018 1764 detruncatum.

116 1797 163 1854 De
184 1795 244 1853 hoc
265 1797 381 1854 eventu
403 1794 592 1856 Benedictus
612 1797 687 1856 XIV
708 1795 765 1856 lib.
789 1797 809 1855 3
838 1796 887 1856 sui
913 1795 1017 1873 operis

47 1891 91 1948 de
115 1889 289 1948 Servorum
311 1888 368 1948 Dei
388 1887 625 1948 Beatiflcatione
644 1906 711 1965 cap.
736 1889 786 1962 13,
809 1907 895 1949 num.
914 1889 965 1964 10,
989 1888 1022 1948 in

49 1985 134 2042 haec
163 1982 262 2042 verba
289 1981 474 2042 ratiocinari
502 1982 624 2060 pergit:
647 1981 684 2041 Si
704 1982 743 2042 de
769 1982 867 2042 huius
886 1985 1023 2061 rapinae
1090 2011 1092 2016 ·

52 2081 220 2156 martyrio
236 2080 390 2156 quaestio
412 2079 663 2150 institueretur,
687 2095 771 2156 quae
792 2096 892 2156 usqua
916 2079 1023 2139 adhuc

53 2175 218 2233 instituta
237 2189 306 2230 non
327 2178 384 2242 cst,
409 2170 562 2232 aduersus
581 2174 782 2248 martyrium
808 2174 916 2248 planu
944 2179 1024 2232 essct

49 2267 217 2341 oppositio
246 2281 288 2324 au
315 2265 482 2323 sententio
512 2264 730 2336 desumenda,
763 2274 794 2326 at
823 2283 865 2325 aee
896 2265 1021 2334 ceteris,

53 2375 144 2436 quaa
165 2359 265 2434 impia
287 2355 441 2416 adversus
461 2372 532 2416 eam
552 2356 709 2418 haeretici
723 2357 911 2418 debacchati
932 2364 1020 2428 sunt,

50 2460 89 2512 at
108 2453 285 2528 praecipua
302 2448 461 2525 Georpius
473 2447 700 2510 Booten-auus
714 2452 751 2510 in
765 2453 891 2528 infami
906 2451 1021 2524 ucello,

55 2547 114 2608 cui
135 2547 253 2605 titulus
267 2551 332 2602 ast:
347 2542 489 2602 Deiectio
504 2542 623 2602 Mariae
638 2541 694 2622 (l).
711 2545 758 2603 At
771 2547 801 2604 si
815 2561 894 2604 earu
908 2546 1023 2604 mortis

52 2657 161 2702 causa
181 2640 401 2708 acuminatur,
418 2653 491 2697 cum
513 2637 576 2696 illu
595 2638 825 2698 constituenda
840 2640 884 2697 sit
898 2639 936 2696 in
950 2637 1023 2697 odio

52 2733 241 2795 catholicae
260 2733 442 2808 ralipiouis,
459 2745 543 2808 quaa
565 2730 637 2805 ipsu
657 2733 828 2808 superstite
843 2733 880 2790 in
894 2731 1023 2807 Anulis

124 2922 226 2982 Flenry,
238 2920 351 2968 Histoire
367 2917 566 2978 Eoeltsiastiqns
584 2918 617 2966 ad
633 2931 693 2966 ann.
711 2920 772 2968 1186
789 2932 805 2966 a
821 2923 845 2980 s.
857 2920 903 2968 101
920 2919 953 2968 ad
969 2921 1024 2971 112.

57 3001 122 3048 tom.
132 3000 246 3046 xxxvl.
258 2996 317 3045 edit.
329 2995 410 3044 Paris.
425 2996 493 3042 1711.

125 3075 252 3134 Tempesti
268 3071 413 3122 stomacus
428 3073 485 3120 vita
499 3085 513 3120 e
530 3073 604 3131 gesta
619 3070 646 3117 di
662 3072 728 3118 Siste
746 3075 776 3121 V.
793 3073 854 3120 tom.
872 3073 896 3121 1.
912 3072 957 3120 llb.
970 3075 1024 3122 XX.

58 3165 77 3198 a
92 3151 203 3209 princip.
221 3148 253 3196 ad
269 3147 292 3209 §.
308 3148 354 3196 XI.

125 3227 196 3274 Plus.
213 3227 336 3286 scriptor.
353 3225 458 3274 conset.
475 3237 492 3272 a
507 3224 623 3271 Samuele
638 3224 713 3272 Jebb.
730 3223 761 3271 de
777 3224 832 3273 vita
848 3225 874 3272 et
889 3225 943 3274 reb.
961 3227 1025 3284 gest.

59 3305 159 3356 nanae
169 3305 267 3350 Scotor.
278 3302 367 3361 Regin.
379 3302 504 3349 Francius
515 3301 636 3349 Dotariae
645 3305 707 3350 tom.
718 3303 753 3348 11.

115 3383 151 3437 (1)
167 3381 259 3428 Exstat
272 3391 326 3426 una
341 3391 399 3426 cum
415 3377 467 3426 alio
484 3377 597 3426 eiusdem
614 3377 725 3424 auctoris
734 3376 831 3433 libello,
844 3377 886 3425 eni
894 3377 935 3425 tit.
948 3375 1027 3424 Actio

62 3463 159 3506 eontra
174 3453 301 3515 Mariua,
317 3455 345 3503 ln
362 3456 466 3504 conset.
477 3453 670 3503 Samueliebb.
681 3465 739 3512 pag.
751 3453 798 3501 137
814 3453 840 3499 et
856 3455 912 3502 250.
929 3455 990 3502 tom.
1003 3454 1028 3500 l.

62 3534 108 3582 sed
124 3533 315 3592 subsequuntur
329 3529 435 3590 Mariae
447 3526 596 3590 Vindicius,
608 3530 710 3578 sucuro
728 3528 820 3577 oberto
836 3527 1029 3589 Bernestspolio

63 3610 91 3660 in
106 3609 195 3659 eodem
210 3610 272 3656 tom.
282 3609 304 3657 1.
314 3620 372 3668 pag.
383 3607 438 3656 183,
