2624 4260
86 393 195 436 mones
209 377 324 437 habere
340 396 375 437 ac
397 377 571 439 deliberare
586 381 713 452 audent,
727 381 763 438 ut
777 378 809 438 in
824 375 1050 436 constitutione

88 470 278 546 praesertim
294 471 386 530 Pauli
401 472 445 530 IV
467 474 571 537 Quum
591 473 784 544 secundum
805 472 972 546 propterea
986 471 1051 530 Nos

87 567 153 622 tam
176 563 249 623 huic
272 564 511 638 constitutioni,
535 583 624 642 quam
654 565 768 624 ceteris
790 562 965 624 huiusmodi
994 563 1051 620 de-

87 659 250 732 rogantes,
267 658 453 732 potestatem
469 656 599 716 facimus
611 657 828 718 cardinalibus
845 656 1002 716 universis
1017 672 1052 713 ac

88 749 245 826 singulis,
269 749 365 810 etiam
386 750 567 810 virentibus
587 750 702 825 Nobis,
725 769 883 810 sermones
905 749 1050 819 habendi,

87 844 296 918 deliberandi,
310 845 513 904 conveniendi
528 847 565 904 de
579 845 704 905 ratione
719 865 779 923 qua
793 845 915 906 facilius
931 842 1052 922 possint

87 955 168 1012 quae
190 955 209 996 a
228 937 324 997 Nobis
337 937 465 1014 provisa
485 942 559 997 sunt
579 940 691 1015 exequi
712 943 806 1016 atque
829 939 989 1016 expedire,
1006 939 1053 998 ita

87 1034 125 1090 ut
146 1031 184 1089 de
205 1030 368 1089 indicendo
389 1031 588 1090 comitiorum
610 1033 671 1104 die,
694 1035 730 1091 de
752 1034 821 1092 loco
843 1034 875 1090 in
898 1050 987 1108 quem
1002 1051 1053 1091 ea·

87 1126 159 1183 dem
173 1126 369 1184 convocanda
389 1130 474 1196 sunt,
490 1127 528 1184 de
542 1126 705 1186 Gonclavis
719 1127 876 1197 clausura,
891 1130 997 1184 utrum
1014 1144 1051 1185 ea

87 1219 244 1277 servanda
265 1235 303 1276 an
332 1217 474 1276 tollenda
502 1217 715 1288 iudicabitur,
738 1220 774 1276 de
797 1219 901 1276 ebrum
925 1217 1050 1275 delectu

87 1311 141 1388 qui
164 1311 303 1370 ministri
324 1311 355 1368 in
373 1311 520 1371 Gonclavi
543 1315 616 1370 sunt
638 1311 831 1387 designandi,
848 1313 884 1370 de
906 1310 945 1368 iis
968 1309 1053 1368 deni·
1096 1371 1099 1378 ,

86 1423 146 1481 que
169 1404 312 1462 omnibus
333 1405 370 1461 de
392 1403 503 1479 quibus
522 1403 574 1480 agi
595 1405 632 1464 ad
656 1397 871 1464 maturandam
887 1401 1050 1462 Pontificis

86 1496 272 1557 electionem
288 1497 495 1555 necessarium
508 1496 681 1567 videbitur,
694 1495 770 1571 ipsis
783 1495 917 1554 liberum
933 1494 975 1553 sit
989 1495 1051 1554 col-

87 1591 186 1666 loqui,
210 1589 384 1648 deliberare
406 1593 439 1648 et
459 1588 667 1660 constituere,
683 1589 845 1647 dummodo
866 1587 896 1644 in
919 1587 976 1646 hac
997 1587 1048 1645 de·

86 1681 243 1740 liberandi
259 1681 521 1745 etconstituendi
539 1681 690 1741 facultate
705 1683 830 1740 cautum
847 1697 967 1755 semper
982 1697 1052 1738 ma-

88 1776 164 1834 neat
185 1791 223 1832 ne
245 1774 294 1833 cui
317 1792 461 1851 umquam
483 1792 522 1833 ex
544 1773 764 1834 Cardinalibus
786 1775 823 1832 de
844 1791 879 1832 eo
901 1773 953 1849 qui
968 1773 1051 1831 Pon-

89 1866 169 1926 tifex
191 1866 352 1944 eligendus
373 1867 455 1938 erit,
479 1867 538 1925 nisi
561 1870 632 1942 post
654 1866 774 1926 obitum
795 1868 970 1939 Nostrum,
993 1871 1050 1925 aut

87 1959 256 2019 convenire
278 1964 333 2020 aut
365 1961 541 2020 deliberare
568 1960 674 2020 liceat.
704 1961 872 2032 Ceterum,
895 1958 992 2018 salvis
1014 1976 1049 2016 ao

87 2053 188 2112 firmis
210 2053 441 2113 conditionibus
457 2053 597 2113 omnibus
612 2073 690 2130 quae
712 2053 907 2112 necessariae
931 2051 1051 2110 suntin

87 2147 199 2223 quavis
221 2146 371 2206 electione
397 2147 543 2206 canonica
564 2147 697 2208 Romani
718 2145 899 2216 PontificiS‚
923 2148 988 2203 tam
1010 2145 1050 2203 iis

87 2258 165 2315 quae
186 2241 224 2299 ad
245 2240 305 2299 loci
328 2240 381 2299 ubi
403 2241 529 2300 comitia
557 2241 699 2299 habenda
725 2244 819 2298 erunt
847 2238 1050 2297 securitatem

87 2332 268 2408 pertinent,
291 2351 382 2409 quam
405 2334 471 2392 illis
492 2352 570 2410 quae
592 2335 736 2410 spectant
757 2333 794 2392 ad
817 2333 988 2392 electorum
1010 2331 1052 2389 li-

87 2424 264 2499 bertatem,
287 2428 377 2486 etad
402 2429 477 2486 duas
499 2427 613 2505 tertias
634 2431 741 2504 partes
763 2425 985 2502 suffragiorum
1001 2441 1052 2482 eo·

91 2537 162 2578 rum
184 2520 238 2595 qui
260 2521 445 2598 congregati
461 2521 536 2592 sint,
551 2523 663 2598 quibus
678 2521 842 2580 conveniri
865 2521 896 2578 in
918 2520 1053 2578 electum

88 2610 193 2683 debet,
209 2613 337 2672 excluso
360 2613 437 2672 item
454 2615 537 2673 omni
551 2615 672 2675 ambitu
686 2633 722 2673 ao
736 2613 884 2674 simoniae
907 2612 1049 2683 crimine,

89 2704 126 2761 dc
148 2720 208 2778 quo
230 2721 269 2763 ne
291 2705 443 2781 suspicari
463 2707 587 2783 quidem
608 2708 674 2768 Nos
695 2724 876 2783 possumuS,
899 2702 1050 2780 praecipi-

87 2813 156 2854 mus
178 2798 212 2855 et
232 2799 412 2858 mandamus
434 2807 485 2872 ut,
509 2819 547 2859 ex
570 2819 605 2860 eo
625 2801 695 2860 loco
723 2803 803 2859 unde
824 2801 888 2859 Nos
911 2796 1009 2856 tantis
1031 2813 1048 2852 e

88 2887 176 2948 vitae
198 2889 359 2950 laboribus
380 2893 418 2951 ad
440 2898 599 2953 aeternam
621 2912 740 2970 paoem,
763 2910 853 2969 quam
877 2907 1049 2966 speramus,

87 2980 227 3058 migrare
249 2983 351 3043 iustus
372 2990 406 3044 et
427 2987 604 3046 misericors
625 2988 776 3048 Dominus
798 2984 956 3056 voluerit,
983 2981 1053 3058 qui-

88 3095 217 3154 cumque
240 3097 257 3136 e
279 3080 496 3142 cardinalibus
518 3084 633 3157 aderit,
650 3086 683 3142 et
704 3083 729 3142 si
751 3083 859 3159 plures
879 3082 986 3152 crunt,
1000 3096 1052 3136 eo-

88 3186 157 3229 rum
180 3171 318 3248 dignior,
332 3177 399 3246 aut,
415 3175 455 3233 iis
470 3177 611 3236 omnibus
625 3176 817 3249 absentibus
834 3173 963 3234 nuntius
977 3189 1052 3248 apo-

88 3262 231 3338 stolicus,
248 3265 327 3338 sive,
350 3267 382 3324 in
404 3268 497 3327 huius
520 3269 667 3343 defectu,
690 3269 750 3328 loci
773 3267 973 3338 ordinarius,
997 3265 1053 3324 aut

88 3357 265 3432 praelatus,
281 3359 334 3418 vel
348 3360 430 3420 alius
449 3361 602 3440 quispiam
619 3363 650 3422 in
666 3362 826 3440 dignitate
840 3357 1053 3420 ecclesiastica

87 3449 394 3528 constitutus‚quam
410 3453 560 3513 celeriter
572 3454 782 3514 dePontificis
796 3453 884 3512 obitu
899 3451 1051 3510 certiores

86 3542 270 3604 Oardiuales
297 3543 413 3618 saciat,
437 3545 546 3622 utqui
571 3563 610 3604 ex
631 3545 671 3606 iis
696 3547 842 3605 accedere
864 3545 900 3602 ad
923 3542 1051 3602 comitia
