2624 4260
642 234 820 295 -180-

248 342 331 402 detis
353 339 431 416 ipsi,
455 340 576 417 ipsique
597 339 722 418 experti
744 341 905 413 fatemini,
930 359 1094 417 numquam
1117 344 1216 400 autea

249 454 288 494 ex
303 433 474 494 inferorum
487 433 589 512 portis
605 439 716 495 contra
730 453 850 496 morum
866 436 1082 506 sanctitatem,
1098 438 1218 495 contra

249 527 491 589 ecclesiasticam
504 529 714 605 disciplinam,
727 533 838 590 contra
849 531 986 590 sanctam
998 529 1214 606 Apostolicam

249 623 359 682 Sedem
381 623 507 699 eiusque
529 642 589 682 non
612 625 825 684 temerandam
847 623 1081 692 auctoritatem,
1098 626 1216 682 contra

249 715 434 775 catholicam
447 716 631 792 religionem
645 719 823 777 universam
837 720 893 776 aut
908 717 1072 793 graviores
1086 719 1142 774 aut
1157 734 1215 792 pc-

249 808 450 868 riculosiores
465 812 619 887 procellas
633 811 727 870 fuisse
743 811 909 871 excitatas.
927 812 1035 887 Itaque
1054 812 1119 870 Nos
1134 809 1211 885 ipsi,

249 902 301 978 qui
323 921 342 961 a
362 904 440 962 Sede
463 904 601 981 principe
624 908 782 965 Romanae
804 902 960 965 Ecclesiae
983 902 1087 974 eiecti,
1111 903 1216 978 patri·

248 994 353 1054 monio
374 997 405 1055 S.
430 997 519 1055 Petri
541 997 681 1074 spoliati,
705 997 851 1057 distracti
873 1014 892 1055 a
912 995 1005 1056 Filiis
1026 995 1222 1055 Fratribus.

248 1109 307 1167 que
318 1091 445 1152 Nostris
457 1092 638 1166 carissimis
647 1097 739 1170 atque
752 1094 783 1152 in
797 1095 853 1152 hoc
865 1093 960 1152 exilio
974 1092 1082 1150 vivere
1094 1092 1211 1162 coacti,

248 1185 445 1245 confortante
472 1189 619 1248 Nostram
648 1188 867 1248 infirmitatem
896 1189 975 1259 Deo,
1006 1185 1212 1262 gravissimas

248 1297 412 1338 aerumnas
424 1281 558 1340 Nostras
573 1299 669 1356 aequo
684 1281 786 1338 animo
800 1280 941 1350 ferimus,
955 1283 1076 1338 tantam
1091 1277 1210 1336 iurium

248 1373 384 1430 omnium
407 1389 473 1429 cum
499 1372 677 1431 divinorum
694 1377 759 1432 tum
775 1374 979 1432 humanorum
994 1371 1212 1430 conculcatio-

248 1483 330 1538 nem,
354 1477 417 1524 tam
433 1464 575 1524 luctuosa
589 1465 763 1526 animarum
778 1467 877 1528 Nobis
892 1464 1127 1526 commissarum
1142 1465 1211 1522 exi·

247 1557 294 1617 tia
314 1559 398 1617 ferre
419 1557 486 1616 sine
508 1577 620 1634 magna
640 1559 736 1618 animi
756 1560 865 1620 Nostri
887 1559 1126 1636 perturbatione
1147 1576 1211 1616 non

247 1669 421 1727 possumus.
454 1701 457 1710 .

307 1745 408 1810 Quare
431 1748 563 1820 urgente
584 1746 649 1805 Nos
670 1745 881 1806 Ecclesiarum
898 1746 1034 1804 omnium
1049 1743 1209 1803 sollicitu-

247 1838 331 1910 dine,
355 1838 400 1896 nil
422 1842 486 1897 tam
502 1840 706 1899 vehementer
720 1841 912 1916 postulamus
926 1860 945 1901 a
958 1838 1099 1909 Domino,
1116 1855 1209 1913 quam

247 1935 283 1991 ut
304 1936 438 2012 gravata
460 1933 583 2008 potenti
604 1951 697 1992 manu
719 1952 813 2010 super
832 1935 909 2006 Nos,
922 1933 1039 1993 etenim
1055 1935 1088 1990 et
1103 1929 1210 1988 humi-

245 2027 362 2087 liamur
384 2027 439 2085 sub
461 2045 497 2085 ea
519 2029 551 2094 et
573 2027 603 2084 in
626 2027 751 2103 flagella
772 2027 877 2104 parati
900 2045 1017 2098 sumus,
1034 2025 1208 2085 Ecclesiam

247 2139 331 2180 suam
354 2120 507 2180 iacentem
530 2119 697 2196 respiciat,
720 2139 818 2197 neque
839 2121 980 2198 patiatur
1002 2123 1066 2179 tam
1088 2117 1209 2175 multas

245 2215 365 2273 animas
380 2214 482 2290 pretio
497 2214 665 2290 Sanguinis
679 2213 727 2272 sui
743 2216 920 2292 redemptas
931 2215 962 2272 in
975 2213 1100 2271 ruinam
1112 2213 1209 2286 atque

245 2307 278 2365 in
293 2307 425 2366 exitium
440 2307 557 2366 vocari.
574 2309 677 2384 Atque
692 2307 811 2366 utinam
828 2309 900 2365 dum
915 2310 1070 2382 augentur
1085 2303 1117 2362 in
1141 2302 1209 2360 dies

244 2401 401 2461 Ecclesiae
417 2401 625 2475 calamitateS,
641 2402 745 2460 aditus
759 2403 796 2461 ad
813 2403 844 2461 S.
863 2401 972 2461 Sedem
988 2397 1208 2476 Apostolicam

245 2512 304 2552 non
327 2493 596 2554 intercluderetur
609 2495 771 2572 Episcopis
792 2497 829 2556 ad
852 2513 939 2571 opem
961 2512 996 2553 ac
1017 2493 1208 2552 medicinam

245 2588 344 2648 tantis
366 2589 548 2648 vulneribus
569 2590 804 2665 postulanduml
828 2591 945 2649 Verum
968 2593 1018 2648 tot
1040 2589 1210 2646 undecum-

244 2701 303 2758 que
318 2682 466 2759 periculis
477 2683 724 2755 imminentibus,
736 2703 806 2743 cum
819 2684 899 2743 nihil
910 2683 1009 2760 magis
1020 2681 1210 2758 impeditum

244 2775 299 2848 sit,
322 2796 411 2853 quam
435 2781 491 2838 aut
511 2778 657 2836 accedere
678 2777 715 2836 ad
736 2780 811 2848 Nos,
827 2778 992 2836 autetiam
1008 2793 1063 2852 per
1078 2775 1210 2834 litteras

244 2870 277 2928 S.
301 2871 410 2930 Sedem
432 2871 646 2948 Apostolicam
668 2871 841 2944 consulere,
857 2871 929 2929 hinc
945 2870 993 2942 fit,
1011 2873 1047 2928 ut
1061 2871 1134 2927 dum
1148 2871 1210 2928 Ec-

243 2963 339 3022 clesia
360 2964 530 3024 maioribus
552 2965 680 3025 auxiliis
700 2965 833 3041 indiget,
857 2963 912 3023 vix
934 2963 1063 3022 minima
1078 2982 1096 3022 a
1110 2963 1211 3024 Nobis

243 3073 299 3132 ope
320 3056 423 3116 iuvari
446 3057 555 3132 possit.

303 3149 378 3210 (lum
401 3149 501 3225 igitur
523 3150 622 3208 tantis
643 3150 682 3208 iis
697 3151 745 3209 rei
760 3151 951 3211 christianae
967 3149 1134 3208 universae
1150 3169 1208 3208 ne-

242 3242 441 3302 cessitatibus
463 3244 638 3302 consultum
654 3245 787 3304 maxima
802 3245 950 3318 velimus,
966 3247 1138 3321 propterea
1154 3263 1204 3313 ne,

242 3335 391 3412 impedito
412 3337 632 3412 Episcoporum
655 3339 691 3395 ad
715 3339 747 3396 S.
778 3339 888 3396 Sedem
918 3355 1060 3408 accessu,
1092 3354 1206 3412 greges

243 3431 318 3508 ipsis
346 3430 501 3489 commissi
524 3429 563 3488 iis
584 3431 713 3489 auxiliis
734 3431 965 3502 destituantur,
996 3447 1074 3506 quac
1104 3430 1145 3488 ab
1167 3447 1206 3488 ea

241 3526 340 3586 solum
363 3527 492 3602 possunt
506 3523 718 3601 suppeditari;
734 3526 767 3582 et
782 3528 818 3582 ut
831 3523 975 3600 Episcopi
989 3541 1026 3581 ea
1041 3525 1203 3597 potestate
