2632 4262
272 367 399 440 luctus,
421 367 491 444 quis
511 384 645 441 moeror,
667 385 748 444 quae
766 366 905 428 tristitia
926 367 970 426 sit
990 366 1130 426 omnium
1152 365 1239 426 ordi·

272 477 358 534 num;
381 463 415 520 et
434 461 553 534 vestra,
569 463 602 520 et
617 460 754 520 omnium
771 479 826 521 ora
840 460 1009 537 vultusque
1023 459 1237 537 patefaciunt.

272 555 337 634 Ego
359 572 435 614 vero
455 573 516 632 quo
537 573 586 614 me
607 556 755 627 vertam
776 555 889 615 Patres
911 553 1120 632 amplissimi,
1145 570 1240 630 quem

273 649 306 710 in
324 650 383 710 bac
404 653 495 710 tanta
519 648 637 709 doloris
665 649 838 710 acerbitate
867 641 1090 708 honestissimo
1118 646 1239 707 iudicio

271 747 380 805 vestro
401 761 471 803 eum
499 760 565 802 esse
586 742 733 802 voluistis
763 742 817 820 qui
844 743 881 802 de
909 739 1065 802 Pontifice
1094 740 1240 801 omnium

273 835 411 898 Maximo
432 836 580 909 dicerem,
594 835 684 896 cuius
704 837 741 896 de
764 835 907 896 laudibus
929 833 1089 894 difficilius
1110 837 1239 894 estnon

273 929 381 992 audire
403 932 470 990 toto
492 931 651 990 terrarum
672 929 746 989 orbe
770 929 823 1006 qui
845 947 905 988 non
927 928 1048 1006 copiose
1069 927 1239 1004 loquatur,

274 1041 365 1100 quam
387 1022 530 1082 invenire
550 1021 604 1099 qui
625 1022 709 1100 loqui
734 1042 766 1082 se
788 1025 895 1099 speret
923 1021 1003 1082 satis
1030 1021 1179 1099 copiose,
1202 1037 1239 1080 ac

273 1134 331 1193 pro
353 1115 511 1193 dignitate
533 1114 713 1191 posseiSed
736 1114 819 1178 enim
841 1113 967 1187 indicio,
989 1117 1023 1174 et
1042 1111 1240 1174 auctoritati

272 1217 400 1273 restrae
428 1212 598 1290 parendum
626 1211 700 1270 suit.
728 1211 807 1278 Quid
836 1209 937 1287 igitur
964 1209 1070 1287 potius
1099 1208 1238 1280 faciam,

194 1330 197 1336 ·
269 1323 366 1384 quam
386 1323 481 1383 quum
502 1306 582 1383 apud
604 1321 712 1363 omnes
731 1305 867 1377 constet,
888 1319 1038 1364 summam
1060 1303 1183 1380 ipsam
1207 1303 1241 1360 et

275 1399 522 1477 complexionem
553 1397 875 1474 praeclarissimorum
904 1397 1046 1456 omnium
1075 1395 1241 1456 virtutum

274 1495 376 1555 inesse
397 1495 544 1570 oportere
558 1490 663 1552 animo
677 1491 761 1563 Viri,
776 1491 829 1566 qui
843 1490 896 1550 diu
915 1509 981 1551 sese
996 1493 1034 1551 ad
1049 1507 1141 1550 omne
1155 1507 1243 1549 mar·
1304 1551 1305 1554 ,

275 1589 357 1667 tyrii
378 1606 475 1666 genus
495 1585 727 1658 informaverit,
742 1584 917 1662 paraverit,
932 1583 1093 1657 erexerit,
1109 1587 1159 1656 ut,
1176 1601 1240 1642 non
1304 1633 1305 1642 ,

269 1684 398 1760 ‘quidem
420 1683 580 1742 ostendam
601 1680 633 1738 id
654 1681 732 1757 quod
756 1697 844 1738 nemo
866 1677 1003 1752 dubitat,
1025 1679 1079 1736 sed
1101 1695 1242 1736 comme-

275 1793 406 1848 morem,
421 1777 456 1834 ut
471 1777 595 1852 potero,
610 1773 667 1834 Pio
682 1773 780 1832 Sexto
792 1770 940 1832 Pontifici
955 1770 1082 1849 Optimo
1097 1769 1242 1830 Maximo

275 1872 310 1928 et
330 1867 635 1945 praestantissimum
657 1868 695 1926 ad
718 1864 945 1924 nobilissimum
959 1863 1156 1942 Martyrium
1172 1863 1244 1922 ani-

270 1977 373 2034 mum,
394 1962 427 2021 et
447 1957 632 2019 nobilissimi
653 1958 805 2036 Martyrii
827 1959 921 2017 decus
941 1977 960 2018 a
980 1959 1044 2017 Deo
1064 1956 1164 2016 inisse
1179 1955 1244 2015 tri-

276 2055 398 2115 butum.

335 2151 381 2210 Ac
401 2168 438 2212 ea
458 2147 603 2226 quidem,
625 2165 703 2224 quae
734 2163 856 2206 omnem
877 2143 1030 2221 reliquam
1051 2145 1151 2207 animi
1172 2163 1244 2206 ma

278 2245 473 2324 gnitudinem
494 2241 657 2303 Pontificis
678 2241 892 2313 declarabant,
909 2244 977 2303 tota
997 2240 1074 2300 mihi
1096 2244 1245 2318 praeter·

278 2338 380 2397 eunda
400 2339 505 2398 erunt.
527 2335 641 2394 Fuerit
654 2333 729 2393 Pius
746 2334 905 2394 suavitate
919 2352 1051 2408 morum,
1066 2332 1243 2404 facilitate,

277 2429 438 2500 comitate,
461 2428 595 2487 candore
617 2427 783 2499 mirabilis,
800 2427 919 2504 sibique
940 2445 1063 2504 semper
1076 2430 1112 2487 et
1125 2427 1159 2487 in
1175 2429 1245 2504 pri-

277 2524 355 2584 vata
374 2522 514 2593 fortuna,
537 2524 570 2579 et
591 2521 623 2578 in
644 2521 779 2580 culmine
801 2522 954 2580 honorum
976 2523 1124 2580 constans
1145 2524 1180 2580 et
1201 2521 1246 2580 si-

277 2616 385 2691 milis,
407 2635 424 2676 e
449 2615 560 2694 quibus
585 2618 694 2692 pateat
713 2633 826 2692 magno
848 2618 881 2673 et
901 2614 1024 2674 excelso
1049 2615 1157 2674 animo
1185 2633 1244 2674 nec

277 2713 444 2790 quidquam
459 2709 604 2781 defuisse,
627 2727 721 2786 quum
741 2708 888 2784 privatus
910 2707 984 2781 fuit,
1001 2709 1245 2785 necquidquam

277 2806 423 2884 imperii,
445 2822 481 2865 ac
502 2802 677 2865 Sacerdotii
702 2802 869 2861 maiestate
893 2801 1070 2861 accessisse.
1092 2803 1244 2861 Laudent

279 2900 376 2960 etiam
397 2899 430 2958 in
451 2898 588 2976 Imperio
607 2896 663 2957 alii
685 2895 896 2965 clementiam,
913 2893 969 2954 alii
990 2893 1163 2967 iustitiam,
1182 2895 1243 2954 alii

279 2999 495 3072 susceptarum
517 3011 623 3054 rerum
646 2991 815 3064 utilitates,
839 2989 1085 3062 sollicitudines,
1101 2990 1240 3050 labores.

277 3088 500 3149 Oommendent
520 3087 577 3146 alii
598 3088 747 3147 bonarum
761 3083 899 3144 omnium
914 3083 1030 3144 artium
1047 3083 1240 3162 patrocinia,

279 3181 482 3241 deductiones
503 3197 667 3257 aquarum,
682 3196 830 3256 agrorum
844 3179 1061 3255 purgationes,
1076 3177 1241 3237 adiumen-

281 3276 314 3334 ta
334 3272 601 3346 commerciorum,
617 3277 650 3333 et
669 3272 737 3332 eius
758 3271 883 3349 generis
898 3272 1019 3344 multa;
1034 3288 1112 3347 quae
1127 3274 1162 3330 et
1175 3288 1240 3330 ma·

279 3385 340 3447 gna
361 3370 436 3428 sunt
455 3366 522 3444 ipsa
543 3385 599 3442 per
613 3385 690 3442 sese,
713 3371 746 3427 et
767 3371 889 3428 tantam
903 3367 1021 3428 habent
1034 3367 1102 3444 ipsa
1116 3365 1239 3441 magni-

280 3461 389 3524 tudine
410 3463 448 3522 ad
470 3458 693 3536 perficiendum
708 3459 938 3536 difficultatem,
959 3464 996 3520 ut
1017 3476 1237 3537 saepenumero

276 3555 357 3617 ¹statis
378 3574 444 3618 esse
465 3556 576 3616 debeat
597 3555 749 3614 voluisse:
773 3560 867 3633 atque
887 3555 921 3614 in
942 3571 979 3614 ea
1001 3554 1169 3615 voluntate
1190 3551 1236 3612 ia-
