2624 4260
662 310 700 322 -
721 275 782 338 202
805 308 842 320 -

274 383 434 461 sanguinis
448 383 640 456 effusionem,
653 383 816 442 hortamur
831 385 896 442 tum
912 382 1061 459 singulos,
1078 383 1146 439 tum
1164 379 1241 437 uni·
1301 387 1302 448 j

274 495 391 550 versos,
408 477 489 537 utin
505 480 594 536 tanto
615 477 812 538 Christianae
827 476 1004 552 Religionis
1015 473 1157 551 periculo
1171 472 1242 548 pri·
1301 459 1302 476 ¹

275 570 358 630 vatis
378 569 553 630 rationibus
567 569 624 628 Dei
646 569 764 647 gloriae
780 574 813 628 et
826 568 982 629 Ecclesiae
1004 565 1240 642 tranquillitati

274 663 475 741 postpositis,
498 663 667 722 libentibus
688 666 721 722 et
742 663 945 722 concordibus
967 661 1078 721 animis
1099 661 1131 718 in
1154 659 1241 717 hanc

276 775 367 815 unam
390 775 497 816 curam
519 757 701 816 incumbant
722 761 757 816 ut
779 775 817 815 ne
839 755 969 815 nimium
990 754 1042 814 diu
1062 753 1153 812 Petri
1176 771 1240 811 na—

275 849 391 923 vicula,
408 850 506 910 tantis
529 852 768 928 tempestatibus
781 851 916 929 agitata,
939 851 1061 908 rectore
1075 851 1108 906 et
1123 846 1242 924 guber·

276 947 386 1003 nabore
407 944 561 1004 destituta
582 946 734 1005 fluctuare
749 948 895 1022 cogatur,
911 963 948 1002 ne
969 941 1141 1002 catholicus
1156 958 1239 1017 grex

277 1037 461 1110 universus,
485 1041 535 1097 tot
555 1039 637 1114 lupis
658 1040 690 1098 in
720 1040 826 1099 ovium
849 1041 994 1116 praedam
1023 1037 1239 1110 undecumque

277 1129 483 1202 irruentibus,
499 1150 554 1208 per
569 1132 696 1208 privata
716 1135 822 1194 studia
843 1138 968 1211 pastore
988 1135 1021 1191 ct
1038 1129 1165 1190 custode
1180 1143 1239 1185 suo

277 1229 393 1288 careat,
412 1243 503 1303 aquo
518 1228 640 1286 servari
661 1231 694 1286 et
715 1229 839 1289 defendi
859 1230 967 1306 possit:
990 1228 1070 1288 illud
1091 1224 1152 1285 sibi
1167 1237 1241 1298 per-

277 1318 460 1386 suadentes,
484 1337 515 1378 se
537 1320 679 1394 quamvis
706 1325 756 1381 tot
783 1325 907 1399 tamque
935 1321 1056 1382 acerbis
1077 1313 1241 1379 aerumnis

276 1427 332 1487 pro
353 1411 479 1472 Christo
501 1412 532 1470 in
555 1414 639 1472 omni
666 1415 822 1491 patientia
843 1420 876 1475 et
896 1413 1132 1475 mansuetudine
1154 1410 1240 1469 tole-

277 1504 358 1563 ratis
370 1505 461 1564 fidem
477 1523 563 1564 suam
579 1509 670 1568 tanta
684 1525 751 1567 cum
768 1509 872 1586 gloria
886 1509 1051 1587 probarint
1065 1503 1240 1576 Ecclesiae,

277 1597 365 1655 nulla
380 1601 483 1658 tamen
505 1599 577 1658 fidei
600 1619 672 1660 suae
686 1601 718 1659 in
737 1620 804 1660 eam
819 1603 1031 1662 luculentiora
1052 1601 1244 1658 documenta

278 1708 344 1749 esse
367 1692 506 1764 daturos,
518 1711 609 1768 quam
631 1694 659 1752 si
680 1696 880 1778 concordibus
902 1695 1014 1756 studiis
1034 1694 1064 1752 in
1081 1689 1240 1754 Pcntiflce

277 1783 427 1842 celeriter
447 1783 591 1860 eligendo
617 1787 696 1846 illud
725 1789 920 1848 ostenderint
941 1807 973 1847 se
994 1804 1124 1856 revera,
1147 1783 1243 1841 nulla

277 1874 475 1950 propriorum
496 1881 724 1939 commodorum
746 1882 867 1942 ratione
883 1882 1002 1954 habita,
1018 1879 1117 1939 solum
1130 1875 1246 1936 Eccle-

279 1966 342 2026 siae
364 1970 603 2045 tranquillitati,
627 1975 793 2036 christiani
815 1967 920 2054 gregis
941 1974 1049 2046 saluti,
1073 1972 1157 2030 orbis
1174 1973 1244 2028 ter-

278 2077 385 2119 rarum
408 2063 548 2122 universi
569 2067 719 2140 periculis
740 2069 918 2145 prospicere
941 2067 1101 2128 statuisse.

338 2156 546 2216 Decernentes
568 2164 749 2235 praesentes
771 2161 897 2222 litteras
912 2166 973 2222 eto.

337 2249 406 2307 Non
423 2250 630 2324 obstantibus,
646 2259 799 2330 quatenus
818 2275 893 2333 opus
906 2257 960 2324 sit,
975 2252 1103 2316 Nostris
1115 2253 1148 2310 et
1163 2252 1246 2310 Gan·
1303 2285 1304 2288 =

280 2339 427 2400 cellariae
447 2346 644 2421 Apostolicae
668 2349 788 2425 regulis
803 2351 841 2410 cle
857 2353 927 2409 iure
942 2350 1087 2426 quaesito
1099 2361 1169 2403 core
1183 2347 1246 2403 tol·
1303 2415 1304 2424 χ

280 2433 394 2505 leudo,
419 2454 454 2495 ac
475 2443 541 2497 tam
562 2441 736 2502 Alexandri
757 2445 820 2516 ΙΙΙ,
843 2463 933 2520 quam
963 2440 1108 2518 Gregorii
1133 2441 1187 2511 X,
1210 2444 1246 2497 et

279 2523 449 2588 Clementis
470 2531 510 2604 V,
526 2550 562 2591 ac
583 2533 634 2591 Pii
648 2535 704 2606 IV,
720 2535 916 2612 aliorumque
932 2539 1142 2596 Romanorum
1162 2533 1246 2590 Pon·

280 2615 400 2678 tificum
433 2625 702 2698 praedecessorum
722 2629 912 2689 Nostrorum
942 2628 1026 2687 circa
1053 2625 1246 2685 electionem

281 2708 404 2778 Summi
425 2717 588 2778 Pontificis
616 2720 767 2780 hactenus
792 2722 887 2780 editis
908 2719 1190 2780 constitutionibus
1211 2720 1246 2776 et

281 2811 531 2872 ordinationibus
552 2813 794 2890 quibuscamque
816 2818 878 2874 eto.

340 2905 492 2965 Volumus
519 2906 649 2984 insuper
677 2911 738 2968 etc.
764 2909 855 2969 Nulli
883 2926 960 2985 ergo
986 2907 1113 2966 omnino
1143 2903 1249 2964 homi·

281 3016 354 3056 num
377 3003 436 3058 eto.
1124 3063 1127 3070 ¹

340 3091 453 3148 Datum
476 3109 514 3149 ex
536 3092 683 3150 coenobio
704 3094 981 3172 Carthusianorum
1004 3110 1097 3170 prope
1110 3093 1250 3152 Floren-

281 3179 370 3251 tiam,
393 3199 472 3240 anno
493 3183 723 3243 Incarnationis
743 3186 920 3245 Dominicae
941 3185 1116 3257 MDOOIIG,
1140 3184 1249 3244 idibus

277 3273 433 3334 ,Novemb
450 3275 657 3336 Pontificatus
677 3277 788 3338 Nostri
810 3297 890 3338 anno
910 3279 1027 3338 XXIV.

718 3503 807 3523 ⁴0-
