2632 4262
472 265 650 324 -317-

74 373 207 450 orilega.
223 376 249 434 Ι.
265 373 333 434 155.
347 406 361 420 -
372 375 420 435 hb
434 374 590 435 exercitio
611 374 804 452 Episcopalis
826 375 946 437 ordinis
976 397 1041 440 sus·

74 485 200 544 pensus.
217 469 241 528 Ι.
257 468 354 528 156.-
365 469 508 529 Secunda
524 471 557 528 et
571 469 668 529 tertia
683 469 813 530 monitio
827 471 974 533 canonica
988 473 1044 532 ad·

74 578 188 619 versus
203 578 285 620 eum.
303 563 328 622 Ι.
344 562 415 622 276.

116 657 257 734 Ι(1115555
278 657 575 735 pseudo-Episcopus
597 659 720 719 Insulae
738 659 894 732 Corsicae,
910 658 942 718 in
964 658 1046 719 civi·

73 751 144 809 tate
155 751 293 827 Aquensi
305 754 547 813 consecratusl.
562 751 632 814 300.
646 754 725 814 -Ab
740 753 849 814 ordine
864 753 1041 832 Episcopali

74 862 254 922 suspensus.
271 846 349 906 Ibid.
368 850 478 924 etseq.

138 938 261 999 Guillot
283 941 320 999 de
341 941 511 1001 Folleville
539 942 857 1019 pseudo-Episcopum
887 944 1037 1002 adversus

73 1050 145 1091 eum
167 1033 387 1109 praemunitur
409 1036 512 1096 clerus
534 1039 566 1096 et
588 1036 719 1114 populus
737 1035 925 1095 Galliarum.
943 1037 1042 1097 1135
1087 1106 1090 1117 ,

74 1129 109 1184 51
125 1143 210 1203 seqq.

539 1265 573 1321 Η

135 1405 296 1466 Haeretici
311 1407 440 1485 cogendi
454 1409 492 1468 ad
506 1407 611 1481 fidem,
625 1425 684 1467 non
700 1426 775 1468 vero
790 1405 942 1467 infideles.
954 1409 977 1467 Ι.
988 1408 1041 1467 73.

138 1499 306 1559 Helvetiae
326 1501 447 1562 Nuntio
468 1501 649 1577 Apostolioo
675 1501 842 1560 facultates
869 1501 1042 1559 concedun-

74 1597 131 1653 tur
153 1612 172 1653 a
193 1593 290 1654 Sacra
317 1595 570 1672 congregatione
591 1596 629 1654 de
650 1595 858 1672 Propaganda
878 1594 954 1654 Fide
984 1610 1039 1669 pro

74 1687 291 1747 sacerdotibus
306 1688 388 1764 Regi
402 1687 664 1748 christianissimo
681 1687 816 1748 subditis
831 1687 945 1746 ibidem
960 1705 1047 1747 com--

74 1780 285 1840 morantibus.
303 1781 328 1839 Ι.
345 1779 415 1839 375.

135 1872 290 1933 Henricus
305 1873 475 1950 llAngliae
490 1876 560 1935 Rex
572 1867 779 1951 'recognoscit
797 1873 1038 1934 eonsuetudines

75 1966 269 2043 anglicanas.
287 1969 312 2026 Ι.
329 1968 400 2026 427.

134 2059 295 2119 Heraudin
320 2061 479 2120 Parochus
507 2061 804 2138 pseudo-Episcopus
829 2060 933 2121 (lastri
955 2061 1041 2122 Ruit.

74 2155 100 2212 Ι.
113 2152 182 2212 151.
196 2153 302 2213 -Eius
314 2153 427 2213 electio
442 2154 541 2215 nulla.
552 2156 577 2214 Ι.
593 2154 661 2216 155.
672 2187 689 2199 -
699 2154 774 2214 Eius
789 2153 980 2214 consecratio
995 2173 1042 2214 sa·

75 2246 206 2323 orilega.
225 2246 304 2305 Ibid.
317 2248 393 2306 -Ab
414 2247 522 2307 ordine
543 2248 719 2325 Episcopali
741 2263 916 2324 suspensus.
928 2249 954 2305 Ι.
970 2245 1040 2306 156.

138 2339 309 2399 Hiberniae
331 2339 494 2400 catholicis
516 2341 671 2418 praecipit
692 2340 810 2402 Paulus
832 2343 879 2414 V,
905 2359 941 2398 ne
963 2357 1043 2398 com-

74 2432 238 2493 municent
252 2452 322 2493 cum
340 2434 521 2507 haereticis,
539 2453 637 2512 neque
652 2434 863 2496 iuramentum
879 2435 1044 2512 praestent

72 2529 153 2606 quod
176 2529 213 2588 ab
235 2529 280 2588 eis
302 2527 500 2606 exigebatur.
518 2531 543 2590 Ι.
560 2531 631 2604 434,
647 2531 719 2590 438.
814 2593 818 2601 ,

135 2623 254 2683 Hortae
279 2625 312 2682 et
336 2623 488 2684 Civitatis
509 2624 706 2685 Castellanae
727 2624 872 2701 Episcopi
901 2623 1038 2683 edictum

73 2715 112 2775 de
134 2717 325 2777 iuramento.
341 2719 382 2778 Il.
398 2718 470 2780 220.

136 2810 343 2888 Hospitalitas
362 2812 562 2889 antiquorum
573 2815 797 2874 Romanorum.
811 2813 836 2872 Ι.
853 2809 913 2871 348
928 2812 961 2869 51
975 2827 1045 2886 seq,

75 2907 111 2966 et
131 2907 369 2965 Germanorum.
387 2907 411 2965 1.
428 2905 499 2978 350,
516 2907 587 2965 351.
600 2938 617 2951 -
633 2906 783 2966 Omnibus
804 2902 1036 2973 ecclesiasticis,

75 2998 241 3058 abbatibus
263 2999 382 3059 ordinis
403 3000 436 3059 S.
452 2999 614 3060 Benedicti
639 3004 672 3059 et
697 2998 863 3060 abbatissis
888 3013 1042 3057 commen-

75 3093 162 3153 data.
179 3094 203 3153 Ι.
220 3091 293 3166 351,
309 3091 379 3152 352.
390 3090 624 3168 -Hospitalitas
646 3110 722 3169 erga
743 3093 919 3151 sacerdotes
934 3089 1043 3151 Gallos

68 3185 128 3245 'Pii
144 3187 188 3246 VI
202 3188 236 3245 et
250 3187 351 3245 status
365 3183 535 3244 Pontificii.
549 3186 574 3244 I.
589 3185 695 3245 34851
710 3201 773 3261 seq.
791 3186 863 3244 et'l.
879 3184 951 3257 349,
967 3181 1040 3242 350.

77 3280 300 3358 -Principum,
323 3278 400 3339 cleri
422 3282 455 3338 et
475 3277 583 3355 populi
605 3277 762 3338 catholici.
779 3280 804 3338 1.
826 3277 885 3337 348
900 3281 934 3336 51
950 3293 1013 3352 seq.
1025 3306 1042 3319 -

76 3373 274 3452 Principum,
290 3372 396 3450 populi
409 3371 575 3432 acatholici
587 3372 620 3431 51
635 3371 821 3448 praesertim
837 3371 921 3448 regis
941 3373 975 3430 et
989 3385 1044 3428 na-

76 3465 172 3527 tionis
184 3466 389 3544 Anglicanae.
403 3463 480 3525 Ibid.
491 3495 508 3510 ·
519 3463 668 3526 Civitatis
680 3464 885 3526 Constantiae
897 3466 931 3522 et
950 3460 1046 3522 abba·-

77 3559 196 3621 tisrum
212 3557 489 3621 Petershausensis
507 3561 540 3618 et
558 3557 840 3636 Orentnlingensis.
852 3553 1043 3629 13511351.
