2582 4270
453 303 590 362 ..9-

37 425 111 467 num
134 407 165 465 in
189 407 320 467 dioecesi
345 408 488 469 effectum
510 413 750 486 consequantur,
775 412 871 486 utque
897 425 1003 466 omnes

36 501 252 561 Ecclesiastici
273 502 396 562 (talliae
417 505 542 563 exsules
564 507 630 564 tam
646 505 821 572 saeculares
841 522 933 580 quam
955 520 1004 562 re·

34 594 177 670 gulares,
200 593 301 670 quiin
318 613 353 654 ea
375 601 534 674 receptum
551 599 706 672 obtinent,
724 599 852 676 perinde
867 617 902 658 ae
917 597 1002 674 ipsae

32 687 279 746 communitates
304 689 472 766 religiosae
494 696 612 752 certam
635 709 741 752 earum
763 696 1002 766 accuratamque

37 775 186 841 notitiam
219 782 373 854 habeant,
396 783 495 842 etsie
517 802 604 842 nemo
634 803 778 862 umquam
803 783 1003 862 ignorantiae

32 876 238 935 excusatione
260 877 309 936 uti
331 879 449 938 valeat.
473 880 577 955 Atque
599 880 646 938 ita
668 884 728 940 etc.

298 973 415 1051 Romae
427 971 534 1095 XXYI
548 973 686 1032 Ianuarii
701 973 917 1035 MDGCXGIII.

181 1255 248 1322 EX
270 1159 547 1328 AUDOENTR·
561 1259 860 1328 SANCTISSIMI

225 1439 352 1497 Habita
374 1439 426 1519 elie
447 1439 491 1498 28
512 1439 690 1500 Februarii
712 1437 808 1498 1793.

95 1610 245 1669 Precibus
267 1614 305 1671 R.
323 1614 359 1671 D.
378 1611 513 1671 Richard
537 1613 672 1672 Paroohi
693 1612 842 1672 dioecesis
864 1611 1002 1670 Nemau-

31 1704 160 1774 siensia
178 1705 230 1780 qui
249 1705 281 1764 in
294 1705 350 1766 hac
363 1707 484 1766 Galliae
498 1707 792 1784 perturbationem
807 1705 939 1765 civicum
956 1705 1004 1770 iu-

34 1801 214 1856 ramentum
228 1802 414 1873 praestaret,
426 1818 523 1877 neque
535 1801 780 1859 communicaret
791 1799 866 1870 tiliis
878 1799 999 1868 alienia,

31 1908 169 1967 quorum
185 1909 218 1949 os
229 1890 400 1966 ‘loquutum
424 1895 473 1950 est
494 1894 684 1964 vanitatem,
701 1898 735 1953 et
748 1896 879 1952 dextera
893 1909 999 1950 eorum

35 1987 171 2044 dextera
185 1979 411 2059 iniquitatis‚·'a
426 1985 531 2060 patria
550 2003 585 2045 ac
601 1985 733 2044 dioecesi
748 1985 910 2062 profugae,
924 1986 1003 2044 San-

31 2077 161 2138 ctitatis
183 2078 263 2136 Suae
285 2077 434 2137 beneficio
460 2082 643 2139 Ravennam
667 2097 699 2137 se
721 2078 860 2156 recepit,
884 2077 1002 2154 suppli-

33 2171 139 2230 cantis
161 2167 257 2229 SSn'ro
279 2171 407 2230 Domino
420 2173 548 2243 Nostro,
565 2174 602 2230 ut
621 2171 764 2230 concives
787 2189 858 2231 suos
880 2189 1003 2229 omnes·

31 2284 95 2341 que
118 2265 224 2323 fideles
250 2266 388 2324 eiusdem
411 2267 558 2326 dioecesis
585 2266 817 2326 Nemausiensis
840 2264 1002 2341 spirituali

34 2357 307 2433 indulgentiarum
324 2359 435 2418 solatio
457 2360 488 2417 in
512 2361 622 2432 tantis,
636 2359 667 2416 in
690 2359 801 2435 quibus
818 2361 1000 2427 versantur,

31 2451 194 2528 angustiis
215 2456 395 2524 recrearet,
419 2454 578 2512 Sanctitas
600 2455 681 2522 Sua,
701 2471 778 2528 quae
801 2451 880 2510 nihil
903 2451 1002 2528 magis

29 2547 143 2622 optat,
166 2563 256 2620 quam
285 2549 466 2605 constantes
494 2545 664 2605 catholicae
687 2545 844 2604 Ecclesiae
865 2544 947 2604 filios
968 2544 1001 2602 in

33 2642 95 2698 hac
123 2641 298 2714 temporum
326 2639 500 2698 acerbitate
530 2645 660 2715 paterno
692 2656 797 2698 amore
823 2637 1000 2714 complecti,
1097 2699 1104 2710 ,

33 2731 215 2792 huiusmodi
237 2732 380 2808 precibus
402 2733 533 2809 benigne
548 2751 699 2804 annuens,
713 2735 750 2790 ad
766 2731 827 2790 mei
842 2729 1002 2790 infrascri-

33 2827 82 2904 pti
108 2826 307 2896 relationem,
324 2827 465 2884 omnibus
480 2831 514 2885 et
528 2827 769 2903 quibuscumque
788 2823 906 2886 Ohristi
928 2824 1003 2882 fide-

33 2921 120 2980 libus
142 2919 290 2978 dioeoesis
311 2917 557 2990 Nemausiensis‚
573 2917 625 2994 qui
646 2935 701 2975 neo
716 2917 886 2976 iuramenti
907 2917 1001 2977 civici

32 3014 187 3074 foeditate
210 3031 241 3072 se
263 3013 456 3090 polluerunt,
471 3031 568 3088 neque
583 2987 721 3071 aliebum
735 3017 828 3086 atque
843 3009 1002 3070 intrusum

34 3112 194 3186 pastorem
211 3108 347 3184 sequuti,
363 3105 608 3165 communionem
625 3105 772 3166 catholici
787 3105 953 3165 Antistitis
966 3123 1002 3164 ac

35 3201 232 3261 vicariorum
247 3201 314 3260 eius
329 3217 450 3276 semper
472 3201 685 3272 retinuerunt,
701 3199 874 3258 clementer
895 3198 1000 3258 indul·

34 3299 146 3372 get,ut
157 3293 423 3370 quotiescumque,
438 3294 463 3353 si
476 3293 567 3371 gnari
579 3293 697 3369 legere,
706 3291 849 3352 Litanias
863 3292 999 3350 maiores

34 3407 111 3464 quas
133 3386 296 3463 appellant
317 3387 503 3445 Sanctorum
525 3403 594 3443 cum
616 3384 759 3443 omnibus
781 3383 924 3460 precibus
945 3383 1001 3444 ad-

35 3481 144 3554 nexis,
168 3478 195 3538 si
217 3495 294 3538 vero
315 3477 420 3555 legere
443 3476 584 3537 nesciant
605 3475 720 3553 septies
743 3470 916 3536 orationem
937 3479 1003 3536 Do-

35 3576 182 3637 minieam
204 3576 237 3634 et
263 3573 487 3634 salutationem
509 3573 695 3650 Angelicam
723 3577 817 3651 atque
845 3591 905 3632 uua
933 3573 1002 3632 rice
