2624 4260
456 301 634 362 -167-

59 406 91 464 in
116 407 230 484 quibus
254 408 330 468 data
353 408 497 482 fuerint,
525 407 725 468 convenienti
749 409 837 468 modo
857 424 1024 485 reparave-

60 497 139 560 rint.
477 513 481 522 '

119 594 150 652 4.
172 593 263 655 Nihil
284 597 341 654 aut
367 609 477 670 parum
508 594 621 654 saltem
650 593 834 654 incommodi
862 611 916 652 seu
947 593 1023 653 mali

58 685 246 760 timendum,
261 689 296 747 at
310 705 386 746 vero
400 688 533 747 multum
550 687 702 748 utilitatis
724 707 777 748 seu
801 687 875 747 boui
896 704 1024 764 speran-

56 781 132 838 dum
145 779 262 854 videri,
278 780 305 839 si
319 784 511 841 memoratae
533 780 702 842 facultates
717 781 911 859 generaliter
926 779 1023 840 omni-

57 873 116 933 bus
139 876 387 934 concederentur
411 861 624 937 sacerdotibus
643 875 873 948 saecularibus,
895 874 947 933 rel
970 891 1022 933 re-

57 965 236 1042 gularibus,
250 966 317 1026 sive
331 968 474 1045 parochis
489 970 556 1028 sive
580 987 651 1042 non,
666 968 718 1046 qui
737 965 1021 1044 comprehensionis

55 1076 132 1118 suae
158 1063 300 1137 tempore
315 1079 333 1120 a
348 1063 413 1121 suis
428 1061 603 1121 Ordinariis
616 1061 769 1138 legitimis
790 1059 915 1120 iamiam
930 1060 1022 1118 erant

54 1153 235 1229 approbati,
257 1155 369 1232 quique
392 1159 569 1230 postauam
592 1153 896 1232 comprehensionem
913 1152 1047 1228 depor-·

54 1246 119 1305 tati
144 1246 288 1321 fuerint3
318 1249 480 1308 dummodo
512 1253 617 1310 tamen
646 1249 780 1308 civicum
809 1247 1021 1306 iuramentum

54 1339 240 1400 nullatenus
267 1343 507 1418 praestiterint,
533 1347 590 1402 aut
613 1342 640 1401 si
661 1344 691 1401 id
717 1338 955 1419 praestiterint,
982 1339 1022 1399 ab

54 1451 90 1492 eo
104 1433 251 1511 legitime
265 1435 401 1496 absoluti
415 1435 546 1497 fuerint.

115 1526 147 1586 5.
171 1529 337 1600 Interesse,
362 1535 478 1588 utnon
506 1533 629 1590 tantum
652 1547 722 1588 suas
743 1527 890 1598 invicem,
911 1525 963 1584 sed
987 1528 1021 1584 et

53 1621 196 1680 omnium
212 1621 243 1679 in
260 1621 393 1682 navibus
407 1623 630 1682 exsistentium
651 1620 871 1692 confessiones,
887 1619 1021 1678 durante

53 1715 286 1792 deportationis
308 1717 436 1790 itinere,
457 1717 601 1794 excipere
623 1716 755 1794 possint.

114 1809 146 1868 6.
172 1809 327 1868 Interesse
342 1811 511 1888 etquidem
532 1811 666 1870 multum
688 1809 802 1882 videri,
819 1813 855 1869 ut
870 1805 1021 1868 eiusmodi

52 1899 127 1959 fidei
150 1901 356 1977 confessores,
370 1922 438 1963 cum
454 1905 493 1963 ad
508 1903 673 1976 (iuianam,
697 1922 750 1964 seu
771 1905 809 1962 ad
832 1902 929 1962 alium
944 1918 1021 1978 qua-

50 1993 250 2072 lemcumque
273 2015 379 2056 eorum
395 1997 607 2074 deportationi
622 1997 810 2057 destinatum
834 1997 935 2055 locum
950 2011 1022 2070 per-

51 2089 216 2162 venerint,
230 2091 380 2167 praefatis
395 2091 479 2151 hisce
499 2091 640 2150 omnibus
663 2091 711 2150 uti
731 2089 935 2149 facultatibus
950 2105 1021 2164 pos·
1067 2141 1071 2152 .

52 2182 132 2258 sint,
157 2185 240 2244 sicut
260 2188 294 2244 et
315 2185 371 2246 alii
392 2204 496 2244 omnes
518 2189 611 2246 antea
632 2185 693 2244 iam
716 2183 885 2262 deportati,
912 2181 965 2259 qui
986 2181 1020 2239 in

50 2276 121 2352 ipso
145 2278 376 2354 deportationis
397 2297 471 2339 suae
496 2285 654 2354 tempore,
677 2296 696 2337 a
717 2275 905 2354 respectivis
925 2273 1021 2333 Ordi-

52 2370 155 2430 nariis
184 2370 248 2430 suis
277 2370 431 2448 legitimis
459 2371 585 2432 iamiam
615 2370 778 2448 approbati
808 2368 1019 2440 exsistebant,

51 2465 151 2540 atque
178 2462 225 2524 ita
246 2468 282 2523 ut
302 2465 539 2541 deportaturum
564 2464 680 2540 singuli
708 2463 764 2524 teli
792 2463 880 2521 modo
909 2477 1020 2536 appro-

52 2557 141 2628 bati,
167 2558 200 2615 in
223 2557 408 2634 respectivis
430 2559 479 2618 sui
505 2557 596 2617 exilii
621 2558 715 2630 locis,
743 2575 801 2615 non
824 2561 895 2616 su'as
920 2553 1019 2612 solum

51 2649 213 2723 invicem,
235 2652 287 2709 sed
309 2654 342 2709 et
364 2652 502 2710 omnium
524 2651 664 2711 fidelium
686 2651 800 2709 ibidem
825 2663 1021 2708 commoran-

52 2741 135 2800 tium
149 2741 359 2802 confessiones
370 2743 525 2820 excipere,
538 2747 571 2802 et
583 2741 793 2812 matrimonia,
806 2742 832 2800 si
844 2740 874 2799 id
887 2740 1020 2799 circum·

52 2836 196 2894 stantiae
216 2835 468 2910 postulaverint,
491 2837 672 2895 benedicere
693 2835 832 2912 possint,
855 2851 892 2893 ea
913 2836 1018 2890 tamen

52 2926 136 3004 lege:
157 2928 187 2987 l.
203 2930 246 2988 Ut
266 2947 285 2987 a
306 2929 443 2988 locorum
464 2929 497 2988 in
519 2929 630 3006 quibus
652 2928 852 3000 exsulabunt,
867 2924 1019 3002 legitimis

52 3037 87 3078 ec
110 3023 240 3080 sanctae
256 3021 344 3081 Sedis
365 3022 611 3082 communionem
628 3021 812 3082 habentibus
827 3017 1016 3091 ordinariis,

52 3113 105 3172 vel
128 3112 269 3174 Vicariis
289 3115 482 3190 apostolicis,
505 3115 530 3174 si
553 3116 633 3175 tales
655 3114 698 3173 ibi
721 3115 797 3187 sint,
820 3117 854 3173 et
875 3115 913 3172 ad
935 3112 1019 3190 ipsos

53 3207 181 3267 recurri
205 3207 326 3284 possit,
349 3209 386 3266 ad
408 3207 607 3284 excipiendas
635 3205 849 3284 praefatorum
879 3205 1019 3265 fidelium

52 3299 267 3360 confessiones
279 3305 312 3362 et
323 3300 523 3360 matrimonia
537 3300 756 3374 benedicenda,
768 3299 894 3378 praevie
909 3316 1021 3376 apprc-

52 3393 182 3453 bentur.
199 3394 230 3454 2.
248 3395 291 3454 Ut
310 3394 343 3453 vi
364 3395 466 3453 dictae
480 3394 713 3470 approbationis
735 3393 935 3470 apostolicae,
949 3407 1020 3452 suas

51 3486 193 3546 invicem
221 3486 429 3547 consessiones
456 3489 577 3548 tamdiu
606 3489 772 3548 dumtaxat
799 3487 942 3564 excipere
963 3504 1021 3547 ra-

51 3579 155 3654 leant,
170 3581 267 3640 donec
284 3582 323 3641 ad
341 3581 500 3658 praefatos
515 3581 710 3655 ordinarios,
726 3581 777 3641 vel
792 3580 934 3641 Vicarios
947 3597 1021 3655 apo-
