2582 4270
459 225 616 285 -37..
899 235 914 266 ι

53 330 168 405 cupato
190 328 288 389 Sciat
309 330 458 392 Laurcat
479 350 535 390 sur
556 330 652 391 Serre
680 332 946 402 commorantem,
969 346 1022 406 po-

52 422 214 481 stulantes
235 423 273 483 ab
294 441 343 498 eo,
365 426 516 501 quomodo
539 443 571 484 se
593 441 716 502 gerere,
738 426 772 484 et
792 440 883 500 quam
909 421 1022 499 agendi

52 515 212 575 rationem
234 517 384 578 deberent
405 517 487 578 inire
509 519 566 598 (1).

113 611 180 671 Nos
201 611 325 687 quidem
347 611 550 688 ignoramus,
574 631 647 672 num
669 611 821 687 scriptum
846 607 1022 668 huiusmodi

52 702 97 762 sit
119 705 358 778 authenticum,
381 724 488 766 necne.
511 705 570 774 Qui
591 706 674 766 enim
695 705 774 766 illud
801 701 966 779 vulgavit,
990 701 1021 759 in

50 814 89 855 eo
113 796 245 869 monito,
261 799 340 873 quod
362 798 540 858 huiusmodi
562 797 680 875 scripto
702 797 853 874 praefixit
868 795 930 874 (2),
946 794 1023 853 libe·

53 908 125 949 rum
137 890 241 950 Gallis
263 891 427 968 relinquit,
446 895 481 951 ut
500 909 569 952 eam
591 891 708 968 scripto
729 890 903 967 adiungunt
916 887 1021 956 fidem,

52 1003 148 1061 quam
164 986 317 1062 scriptum
333 986 433 1064 ipsum
449 986 508 1045 sibi
524 984 684 1045 vindicare
698 979 907 1045 arbitrentur.

114 1078 344 1155 Nihilominus,
359 1081 441 1140 sicut
459 1079 632 1143 catholicae
648 1078 824 1156 Religionis
845 1077 1020 1150 restitutio,

52 1173 92 1231 ad
115 1191 210 1248 qnam
225 1191 286 1232 nou
302 1175 368 1233 sine
384 1173 520 1234 maxima
534 1174 626 1232 laude
641 1172 771 1232 consilia
789 1171 1022 1250 praedictorum

54 1267 175 1324 Ducum
198 1270 340 1343 spectare
361 1267 532 1340 videntur,
563 1267 625 1326 fuit
653 1283 773 1344 semper
800 1265 969 1342 praecipua
990 1269 1023 1324 et

53 1359 230 1436 singularis
250 1372 350 1422 causa·
362 1363 550 1422 Nostrarum
572 1360 815 1438 apostolicarum
837 1357 1024 1420 sollicitudi-

55 1470 149 1526 num3
173 1459 207 1513 et
228 1455 310 1515 sicut
334 1455 502 1515 memorati
522 1457 620 1515 Duces
649 1453 802 1531 eligentes
823 1453 902 1513 hano
924 1452 1023 1528 ipsam

53 1546 93 1604 ob
116 1565 242 1607 causam
264 1547 369 1608 virum
385 1548 573 1622 huiusmodi,
590 1548 642 1624 qui
658 1566 689 1608 se
704 1546 888 1623 Episcopum
899 1545 1021 1621 Aprue,

53 1645 87 1699 et
107 1642 315 1718 apostolicum
337 1643 500 1702 Vicarium
521 1642 672 1718 appellat,
695 1642 807 1699 nedum
828 1639 1024 1716 propositum

55 1734 115 1793 sibi
138 1735 231 1794 finem
254 1735 382 1794 minime
403 1739 662 1812 assequerentur,
686 1736 737 1794 sed
760 1734 857 1793 etiam
878 1732 1024 1792 latiorem

54 1829 159 1886 errori
174 1830 392 1904 patefacerent
407 1828 504 1902 viam,
520 1848 579 1888 non
596 1829 662 1888 sine
677 1827 864 1904 gravissima
884 1826 1023 1886 fidelium

56 1921 256 1998 deceptione,
283 1941 351 1983 cum
376 1923 476 1985 Nobis
502 1925 625 1982 constet
654 1922 819 1982 titularem
847 1919 1025 1980 huiusmodi

54 2015 242 2093 Episcopum
264 2017 378 2078 nullibi
401 2018 566 2090 exsistere,
582 2019 615 2075 et
629 2033 793 2091 numquam
815 2033 834 2074 a
854 2014 950 2076 Nobis
969 2015 1026 2076 Vi·

53 2109 179 2168 carium
205 2111 287 2170 huuc
314 2112 518 2188 apostolicum
547 2109 738 2170 destinatum
764 2109 879 2184 fuisse,
910 2109 957 2169 ita
985 2112 1024 2170 ad

53 2220 180 2261 omnem
208 2205 449 2280 ambiguitatem
475 2205 507 2263 in
533 2221 567 2263 re
594 2203 676 2263 tanti
704 2203 854 2262 momenti
878 2205 1025 2262 averten-

53 2297 147 2368 dam,
177 2297 344 2356 consilium
370 2298 507 2375 cepimus
534 2296 678 2356 monendi
704 2314 782 2369 vos,
812 2295 920 2355 dilecti
948 2296 1024 2356 Filii

53 2390 179 2461 Nostri,
196 2410 267 2450 ven.
285 2393 429 2464 Fratres,
446 2409 481 2450 ac
502 2390 611 2451 dilecti
631 2389 721 2463 Filii,
738 2393 774 2449 ut
795 2390 821 2449 si
843 2390 911 2466 quis
932 2409 1025 2450 ausus

56 2483 158 2542 fuerit
178 2485 227 2543 uti
248 2484 345 2543 titulo
366 2485 509 2562 Episcopi
530 2484 651 2562 Aprae,
669 2486 703 2543 et
718 2484 839 2544 vicarii
860 2483 1025 2562 apostolici

57 2594 168 2635 nomeu
196 2577 355 2654 accipere,
385 2581 543 2654 tamquam
572 2577 646 2637 talis
674 2577 829 2637 habeatur
849 2595 868 2636 n
890 2577 1023 2650 nemine,

55 2671 154 2728 immo
177 2675 212 2730 ut
233 2689 337 2730 omnes
358 2670 448 2730 illum
470 2675 657 2731 aversentur
678 2674 772 2748 atque
788 2670 931 2730 devitent
946 2676 1026 2731 tam·

55 2783 151 2842 quam
174 2765 336 2842 utriusque
359 2765 525 2842 diguitatis
548 2765 741 2838 invasorem,
765 2765 853 2824 cuius
873 2767 1027 2841 quotquot

55 2861 164 2918 essent
185 2859 284 2931 actus,
300 2876 369 2917 cum
385 2856 557 2935 sacrilegii,
574 2861 640 2916 tum
657 2857 818 2916 nullitatis
834 2857 903 2916 labe
921 2861 1026 2917 essent

57 2952 180 3012 iniecti.
204 2954 293 3012 Haud
316 2955 404 3029 patet
425 2970 465 3010 ex
486 2953 627 3028 scripto,
656 2951 745 3010 cuius
774 2950 917 3028 superius
941 2949 1026 3012 facta

57 3048 177 3105 mentio
191 3051 252 3118 est,
268 3065 328 3122 quo
349 3047 463 3122 pseudo
488 3045 549 3104 iste
571 3045 737 3121 Episcopus
758 3045 883 3104 nomine
908 3063 1026 3105 nuncu-

57 3143 163 3217 petur,
186 3140 239 3198 sed
262 3139 388 3199 aliunde
411 3138 582 3198 innotescit
603 3139 704 3216 ipsum
724 3140 878 3216 appellari
897 3138 1019 3211 (tuille,

59 3234 97 3293 dc
119 3234 299 3294 Follcoille.

118 3326 200 3386 Hinc
218 3327 385 3386 hortamur
407 3327 439 3386 in
461 3326 592 3388 Domino
608 3343 855 3404 unumquemque
871 3337 1024 3400 vestrum,

121 3459 157 3512 (1)
175 3456 199 3517 §.
213 3452 343 3512 Vooloct.

124 3538 158 3590 (2)
176 3534 199 3598 §.
212 3533 426 3584 Auertisaemcut.
