2632 4262
109 344 273 422 Episcopis
287 344 360 422 quid
375 347 529 424 agendum
544 347 684 406 instante
697 345 916 408 tribulatione.
927 349 952 407 I.
962 347 1016 422 30,

43 439 99 501 40.
109 439 166 500 -Si
182 457 254 516 pars
269 439 377 516 aliqua
390 440 538 500 dioecesis
560 460 578 501 a
598 444 759 518 potestate
774 441 863 501 civili
877 441 923 500 eis
945 442 1017 500 sub·

43 533 372 611 ripiatur.42.-Qua
401 535 524 596 ratione
553 535 592 596 iis
621 537 847 614 procedendum
875 537 916 596 sit
946 555 1016 596 cum

44 628 232 705 pastoribus
247 631 303 688 aut
317 628 443 688 clericis
455 633 517 689 etc.
533 629 661 690 diversa
676 630 753 691 licet
766 631 868 691 torma
881 631 1018 691 iuratis-

46 722 355 782 communieantibus
385 735 454 782 cnm
489 723 649 783 intrusis·
664 725 879 786 desertoribus
907 725 955 784 sui
977 725 1018 784 ti·

45 817 113 877 tuli
126 849 142 864 -
158 834 227 876 cnm
248 816 408 894 religiosis
430 818 693 894 apostatis-cum
716 818 799 893 istis,
822 819 875 880 vel
891 819 1016 880 clericis

43 914 222 973 maioribus
250 913 276 972 si
301 913 505 974 matrimonia
531 915 799 976 attentaverint·
819 934 890 975 cum
918 935 1018 993 oppu-

46 1007 234 1084 gnatoribus
256 1007 428 1068 catholicae
450 1007 611 1068 doctrinae
625 1025 724 1067 -cum
742 1007 920 1069 fautoribus
936 1011 1017 1069 schi-

47 1102 162 1160 smatis
184 1105 245 1160 etc.
270 1103 310 1161 ΙΙ.
334 1101 384 1162 54.
583 1177 586 1182 ¹

119 1196 364 1272 Episcopatuum
397 1199 430 1254 et
461 1196 785 1274 Metropolitanarum.
815 1195 1017 1255 ecclesiarum

46 1289 168 1349 erectio
197 1309 257 1349 non
288 1290 440 1366 competit
467 1290 605 1368 regibus.
642 1293 668 1352 I.
695 1291 735 1350 83
764 1293 797 1350 et
824 1309 888 1367 seq.
913 1321 927 1334 -
947 1291 1017 1351 Non

46 1387 123 1443 sunt
149 1384 327 1457 dividendi,
350 1387 407 1444 aut
428 1403 444 1444 e
467 1401 522 1444 suo
545 1385 614 1444 loco
639 1385 803 1458 movendi,
829 1382 1016 1446 inconsultis

46 1477 220 1554 Episcopis‚
235 1480 268 1537 et
281 1477 409 1536 minime
424 1479 548 1537 attento
568 1477 755 1554 populorum
776 1496 813 1537 ea
834 1479 871 1537 de
892 1496 927 1538 re
949 1495 1018 1537 sen-

48 1586 97 1628 su.
114 1571 139 1628 Ι.
156 1571 196 1630 84
220 1573 253 1630 et
273 1588 337 1647 seq.

109 1662 245 1814 {irskine
277 1663 406 1723 Carolus
438 1664 673 1723 commendatur
704 1664 848 1724 Andreae
887 1664 1013 1723 Stuart.

49 1755 91 1813 ΙΙ.
133 1755 161 1814 1.

110 1847 313 1908 Eucharistia
333 1847 530 1907 intrusornm
552 1848 718 1908 adoranda.
736 1850 776 1908 11.
793 1847 844 1907 87.

109 1941 269 2018 Exequiae
297 1943 450 2020 quomodo
479 1931 683 2001 celebrandae
711 1942 845 2001 durante
874 1958 1018 2018 persecu-

50 2034 148 2094 tione.
173 2037 198 2095 Ι.
212 2037 283 2096 231.

109 2129 243 2206 Expilly
265 2128 418 2206 (Aleisius
431 2127 623 2206 Alexander)
642 2125 941 2204 pseudo-Episcopus
962 2128 1019 2188 Co·

47 2221 260 2298 risopitensis.
276 2223 302 2281 Ι.
321 2220 389 2282 150.
410 2253 426 2266 -
446 2219 749 2297 Pseudo-pastoralis
778 2219 844 2280 eius
871 2221 1015 2296 epistola.

49 2319 75 2375 Ι.
94 2316 270 2393 152.·Ipsc
293 2316 424 2392 antiqua
449 2315 616 2392 disciplina
640 2316 873 2374 condemnatus.
897 2316 923 2374 Ι.
946 2314 1014 2374 153.

49 2409 220 2470 ·Litterae
245 2409 370 2469 eiusad
393 2410 554 2468 Summum
574 2408 761 2468 Pontificem
783 2408 1014 2469 schismaticae.

49 2505 74 2563 I.
90 2503 160 2563 154.
170 2534 184 2549 -
196 2503 327 2565 Nullum
342 2522 361 2564 a
375 2505 502 2562 Summo
518 2502 671 2562 Pontidce
687 2519 869 2580 responsum
891 2501 1016 2578 accipit,

49 2597 102 2655 sed
124 2597 192 2656 eius
212 2596 299 2657 iussn
314 2601 472 2669 monetur,
488 2613 526 2654 ne
542 2596 677 2656 ulterius
685 2596 925 2674 progrediatur.
936 2594 1015 2655 Ibid.

50 2692 127 2751 ·Ab
147 2687 220 2768 ‘ipso
242 2690 442 2752 Rhedonensi
462 2689 614 2767 Episcopo
642 2690 739 2750 etiam
763 2689 912 2750 monitus.
938 2688 1017 2749 Ibid.

48 2785 214 2846 -Relaxat
241 2783 510 2862 quadragesimale
529 2781 689 2843 Ecclesiae
718 2782 878 2859 praecepti
906 2780 1019 2842 rincu-

48 2881 126 2940 lum.
144 2879 405 2940 Ibid.-imitator
422 2877 550 2938 diaboli.
567 2877 645 2938 Ibid.
657 2876 759 2937 -Eius
777 2877 891 2936 electio
912 2876 1018 2954 illegi-

48 2973 129 3034 time
142 2975 176 3032 et
190 2973 289 3034 nulla.
307 2973 385 3033 Ibid.
398 2971 498 3032 -Eius
512 2969 705 3030 consecratio
720 2970 886 3048 sacrilega.
901 2972 925 3030 Ι.
946 2969 1018 3030 155.

48 3071 224 3146 Suspensus
245 3067 284 3127 ab
306 3065 460 3126 exercitio
482 3064 601 3124 ordinis
623 3063 829 3140 Episcopalis.
843 3065 868 3124 Ι.
887 3064 956 3124 156.

116 3159 355 3236 Expositicnem
383 3176 476 3236 super
508 3157 674 3235 principiis
706 3156 945 3218 constitutionis
975 3158 1021 3217 ci-

10 3293 11 3328 p
48 3253 125 3313 vilis
153 3253 232 3313 cleri
258 3252 414 3314 Gallicani
436 3271 455 3314 a
475 3251 516 3312 30
536 3251 671 3328 primum
693 3250 853 3328 Episcopis
883 3251 1018 3311 subscri-

10 3333 11 3344 *
47 3350 135 3426 ptam
156 3347 254 3407 ceteri
275 3365 381 3407 omnes
401 3345 650 3422 amplectuntur,
666 3345 808 3420 exceptis
828 3347 974 3421 quatuor.
990 3347 1015 3404 Ι.

51 3442 120 3501 143.
150 3471 171 3486 -
204 3441 317 3502 Totius
345 3439 504 3502 Ecclesiae
543 3437 684 3500 Gallicae
711 3437 886 3498 doctrinam
928 3437 1021 3499 exhi-

49 3534 116 3594 bet.
135 3535 161 3594 Ι.
180 3534 250 3594 144.
