2632 4262
543 377 592 434 Χ.

436 543 699 635 ORATIO

147 1229 232 1296 Quod
254 1228 416 1306 praeclaro
439 1249 560 1308 semper
581 1229 712 1292 Divinae
732 1230 911 1309 Sapientiae
929 1229 1048 1290 factum

85 1323 221 1383 consilio
243 1327 303 1397 est,
327 1327 363 1384 ut
383 1326 636 1402 quandocumque
658 1323 875 1386 veliementior
896 1326 929 1382 et
943 1323 1046 1382 acrior

86 1418 120 1476 in
141 1417 376 1478 Sacrosanotam
390 1419 562 1478 Ecclesiam
577 1420 633 1479 Dei
648 1437 713 1479 sese
728 1417 893 1496 expediret
907 1415 1045 1475 hostium

85 1512 246 1588 impetus,
270 1509 392 1589 iamque
420 1513 523 1572 resin
546 1516 686 1573 extremo
714 1513 833 1590 positae
861 1511 1047 1571 viderentur

86 1624 156 1666 esse
178 1607 377 1680 discrimin03
400 1611 476 1666 tunc
496 1607 595 1667 maius
610 1595 760 1684 quoddam
776 1607 865 1666 velut
879 1604 1047 1681 affulgeret

79 1699 186 1772 sidus,
208 1698 297 1758 cuins
315 1699 385 1758 luce
406 1701 562 1776 ductuque
584 1718 673 1759 suum
694 1700 794 1762 Navis
816 1715 940 1758 cursum
961 1698 1047 1756 inter

87 1792 246 1852 luctantes
267 1799 379 1852 ventos
400 1796 509 1853 tenere
529 1797 649 1870 posset:
673 1795 716 1868 id,
739 1797 852 1855 Patres
867 1789 1047 1852 eminentis·

88 1885 159 1944 simi
181 1903 216 1945 ac
237 1886 508 1961 reverendissimi,
531 1887 648 1946 factum
670 1889 727 1947 hoc
748 1887 882 1948 maxime
905 1887 1044 1962 tempore

8 1989 9 1998 ’
87 1978 206 2052 inisse,
231 1983 296 2038 tum
318 1982 426 2040 vestro
454 1980 486 2039 in
512 1979 621 2058 primis
643 1979 779 2053 iudicio,
800 1981 837 2040 ad
859 1996 934 2056 quos
956 1979 1047 2036 tanta

87 2090 162 2150 pars
183 2073 373 2134 discriminis
395 2074 560 2151 pervenire
582 2073 701 2148 debuit,
718 2076 784 2133 tum
800 2073 936 2134 emnium
952 2072 1046 2130 bono·

87 2184 158 2227 rum
178 2167 378 2227 consensione
399 2173 592 2246 compertum
614 2172 673 2228 est.
696 2171 775 2230 Nam
806 2161 862 2226 neo
887 2165 1048 2226 acerbiora

87 2280 156 2322 esse
183 2262 320 2338 potuisse
350 2266 513 2339 tempora,
537 2281 592 2322 nec
617 2259 824 2324 acerbissimis
852 2257 1045 2336 temporibus

87 2357 244 2433 aptiorem
265 2360 299 2416 et
320 2357 574 2433 opportuniorem
592 2358 649 2418 Pio
665 2359 762 2418 Sexto
776 2354 950 2417 desiderari
965 2354 1044 2411 Pon-

87 2449 205 2508 tificem
226 2449 383 2527 potuissa;
405 2450 474 2527 quis
495 2451 616 2528 estqui
637 2453 815 2512 iamdudum
838 2452 894 2510 aut
915 2466 974 2507 non
996 2445 1047 2506 vi-

88 2546 201 2618 derit,
220 2547 277 2604 aut
298 2563 359 2604 non
381 2544 536 2618 senserit,
559 2547 615 2604 eut
643 2546 747 2622 potius
771 2563 825 2605 suo
846 2545 914 2621 ipso
935 2543 1042 2610 motu,

87 2639 175 2716 fuga,
194 2638 348 2715 periculo,
362 2655 421 2696 non
436 2637 597 2697 didicerit?
611 2639 815 2705 Quamobrem
838 2638 959 2715 gratias
979 2637 1042 2696 Dec

86 2732 214 2808 Optimo
227 2732 365 2790 Maximo
387 2747 521 2790 summas
542 2731 720 2808 agebamuS,
737 2750 850 2809 nosque
871 2732 903 2789 in
925 2746 1041 2789 summo

87 2841 194 2884 rerum
206 2823 343 2883 omnium
354 2822 526 2882 certamine
537 2825 785 2899 consolabamur,
795 2825 846 2902 qui
860 2826 938 2901 quod
950 2826 1044 2883 antea

87 2917 206 2977 nemini
226 2915 413 2976 Pontificum
436 2916 612 2991 tribuisset,
636 2922 672 2978 nt
693 2919 902 2979 diuturnitate
924 2916 1045 2976 Summi

86 3013 262 3072 Sacerdotii
284 3012 423 3089 proxime
444 3013 623 3090 Principem
649 3016 870 3092 Apostolorum
900 3029 1045 3091 sequere-

87 3109 161 3179 tur3
183 3105 214 3164 id
237 3106 291 3165 uni
313 3107 369 3166 Pio
390 3105 486 3167 Sexto
508 3109 675 3169 tribueret:
692 3114 785 3186 atque
806 3110 853 3171 ita
874 3109 1042 3180 tribueret,

88 3201 124 3258 ut
145 3198 282 3276 prodigii
304 3200 471 3262 manifeste
490 3202 573 3262 ratic
593 3206 627 3262 et
647 3203 736 3262 bonis
756 3206 839 3264 esset
859 3200 1045 3263 consolatio·

87 3291 133 3364 ni,
156 3296 190 3352 et
210 3293 359 3370 improbis
379 3294 586 3371 aegritudini,
603 3296 779 3370 molestiae,
795 3297 925 3357 terrori.
940 3297 1042 3366 Nunc,

85 3388 338 3448 Eminentissimi
359 3392 485 3464 Patres,
508 3391 666 3451 etlumen
688 3393 768 3454 illud
789 3394 966 3454 extinctum
981 3394 1041 3464 cst,

87 3486 121 3542 et
142 3482 203 3560 ipsi
224 3483 262 3544 ad
284 3485 535 3561 complorandam
557 3485 769 3546 calamitatem
791 3487 994 3562 convenistis,
1010 3489 1044 3546 et

87 3595 144 3637 nos
166 3581 202 3643 ut
223 3596 284 3638 una
305 3579 569 3656 comploraremus
590 3579 797 3640 convocastis.
813 3583 857 3642 At
872 3581 954 3640 enim
975 3580 1044 3657 quis
