2632 4262
393 364 518 426 Guillot
531 367 569 426 de
580 363 753 425 Folleville
762 364 884 441 pseudo
897 363 1055 440 Episcopo
1064 364 1179 441 Aprac

391 459 499 536 quise
528 457 690 519 Vicarium
716 457 934 534 apostolicum
965 475 1032 516 esse
1060 456 1177 516 meuti-
1285 460 1286 488 l

393 555 448 612 tur
458 594 1059 612 ............
1093 569 1176 628 pop.
1218 551 1253 612 36

295 643 374 707 1793
394 645 431 705 31
453 644 615 722 Augusti·
603 645 675 704 -Io
693 644 912 722 pcrlcpcadis.
936 643 1081 704 victorio
1102 644 1179 703 Phi·
1286 696 1287 728 ¹

394 737 758 815 lnppoArchieptsoopo
768 742 979 800 calaritano
981 729 1107 802 Laudat
1116 739 1180 797 cle
1286 743 1287 752 ’

394 849 466 890 rum
487 832 696 910 populumque
712 832 878 892 universae
893 832 1082 904 Sardiniae,
1099 830 1182 908 quod

393 924 523 986 liberati
544 927 582 986 ab
603 926 823 986 infensissimis
837 926 978 986 hostibus
993 928 1100 1002 grates
1114 927 1178 984 Deo

394 1036 489 1095 agere
510 1018 743 1080 festinaverint.
760 1019 877 1096 Pioque
898 1017 995 1095 Regis
1023 1017 1179 1077 desiderio

397 1131 535 1173 annuens
549 1113 713 1190 indulget,
728 1115 765 1172 ut
779 1114 914 1173 auctiori
938 1111 1125 1172 celebritate
1145 1113 1180 1170 et

395 1207 463 1267 ritu
484 1207 662 1268 celebretur
682 1207 849 1283 quotannis
862 1205 995 1266 officium
1009 1206 1042 1265 S.
1056 1207 1180 1282 Marty-

396 1301 441 1360 ris
455 1299 604 1378 Ephysii,
620 1301 763 1377 adquam
784 1301 981 1378 potissimum
1002 1299 1034 1358 in
1056 1297 1113 1358 illo
1125 1316 1182 1375 pe·

398 1392 498 1452 riculo
513 1409 619 1452 omnes
633 1392 843 1471 confugerant
894 1436 903 1454 .
947 1437 955 1453 .
999 1435 1007 1452 .
1053 1436 1061 1451 .
1099 1435 1115 1451 ..
1159 1410 1179 1452 ›
1218 1391 1253 1451 39
1289 1406 1290 1448 ι

395 1486 433 1545 31
465 1485 626 1562 Augusti·
645 1487 732 1551 Quae
760 1489 919 1562 plurima.
952 1486 1112 1545 Baiulivo
1142 1491 1181 1544 et

396 1581 597 1639 Oratoribus
618 1582 756 1650 septem
776 1584 1012 1640 Decennarum
1039 1581 1181 1638 Patriae
1290 1642 1291 1658 χ

395 1675 569 1734 Valeriae.
585 1673 664 1749 Agit
678 1673 810 1750 gratias,
826 1675 905 1750 quod
922 1673 1071 1750 profugos
1085 1691 1180 1748 quos·
1290 1659 1291 1680 ³

397 1767 466 1826 dam
495 1785 512 1825 e
541 1767 647 1826 Gallia
674 1771 709 1827 et
735 1766 929 1828 eSabaudia
955 1767 1124 1844 Episcopus
1145 1768 1182 1825 et

370 1860 600 1938 presbyteros
621 1859 819 1936 susceperint
839 1863 900 1920 etc.
947 1904 955 1918 .
991 1903 1007 1918 ,.
1044 1903 1061 1919 ,.
1108 1903 1116 1918 .
1160 1875 1181 1917 ι
1220 1857 1255 1916 42

396 1952 1065 2030 284ριοιιιιιιίε-Ιιιιιναιιριιιιίαι.Ῑοιιιιιιί
1075 1954 1183 2013 Fram

396 2047 490 2106 cisco
511 2048 684 2118 Episcopo
705 2049 884 2106 Leonensi.
900 2047 997 2113 Quam
1013 2050 1106 2124 grata
1119 2046 1182 2106 sibi

398 2138 498 2200 inerit
517 2139 634 2200 caritas
655 2143 689 2199 et
709 2139 890 2200 sollicitudo
912 2139 1008 2217 Regis
1022 2157 1060 2198 ac
1073 2139 1180 2199 natio-

397 2233 446 2293 nis
457 2233 590 2311 Magnae
599 2232 784 2294 Britanniae
797 2233 830 2291 in
844 2232 1037 2309 excipiendis
1055 2249 1091 2291 ac
1105 2233 1180 2292 sub-
1287 2279 1292 2290 .

395 2325 538 2386 levandis
559 2325 789 2386 Ecclesiasticis
818 2326 994 2386 Galliarum
1022 2342 1079 2402 pro
1104 2327 1182 2386 reli-

298 2421 300 2426 ’
396 2417 488 2492 gione
508 2417 722 2478 exulantibus.
746 2419 870 2478 Gaudet
891 2437 954 2478 una
975 2418 1081 2491 simul,
1097 2420 1181 2494 quod

395 2509 524 2569 illorum
545 2527 715 2588 regnorum
743 2511 900 2573 Catholici
928 2511 1030 2572 levati
1057 2511 1181 2570 fuerint

395 2618 488 2662 onere
509 2602 615 2679 legum
636 2604 829 2680 poenalium,
845 2604 957 2681 quibus
971 2604 1091 2664 tamdiu
1106 2621 1180 2681 pre·

396 2694 562 2754 mebantur
564 2737 1112 2757 ............
1157 2715 1177 2757 ι
1219 2696 1253 2756 44

396 2787 648 2866 2Septembris-
632 2790 756 2849 ·Hoad
768 2793 949 2867 ioprctum.
964 2781 1181 2862 RegioPrin-

397 2883 469 2954 cipi
490 2886 644 2952 Augusto
669 2884 815 2952 Magnae
844 2885 1045 2942 Britanniae
1071 2884 1178 2952 Regis

396 2979 499 3037 Filio.
528 2979 647 3053 Rogat,
676 2979 712 3034 ut
737 2977 871 3052 augusto
899 2974 1003 3051 patri
1012 2992 1066 3034 suo
1092 2974 1175 3050 Regi

395 3069 581 3129 Britanniae
607 3071 713 3146 grates
742 3070 894 3144 rependat
922 3068 1046 3127 nomine
1075 3067 1176 3144 ipsius

396 3162 561 3222 Pontificis
589 3165 719 3240 propter
746 3161 917 3238 hospitium
937 3161 1082 3221 exulibus
1104 3159 1180 3219 Gal-

388 3254 467 3316 „licis
487 3254 716 3316 Ecclesiasticis
730 3254 919 3331 praebitum,
934 3257 968 3314 et
981 3257 1111 3331 propter
1124 3272 1181 3313 an-

397 3348 486 3425 tiqua
506 3366 600 3408 onera
621 3347 793 3408 Catholicis
807 3363 934 3408 suarum
949 3347 1130 3408 ditionum
1121 3365 1180 3406 nm·

328 3462 331 3472 ¹
396 3442 519 3502 minuta
539 3441 591 3500 vel
613 3442 758 3518 adempta
786 3445 848 3502 etc.
894 3487 902 3502 .
938 3485 954 3501 ..
1000 3485 1008 3500 .
1054 3485 1062 3502 .
1108 3485 1116 3500 .
1161 3458 1180 3500 ι
1218 3441 1253 3499 47

337 3534 506 3612 >7Sept
492 3533 653 3595 tembris-
669 3534 736 3598 Quo
748 3535 909 3610 temporis.
928 3532 1037 3593 Eidem
1051 3531 1181 3594 Britan·
