2632 4262
475 229 654 290 -eso-

188 333 258 393 niae
270 333 371 410 Regis
379 333 464 394 Filio
475 335 673 394 commendat
680 334 826 396 (larolum
836 334 970 397 Erskine

187 431 221 488 ct
242 428 352 487 exules
373 429 483 488 Gallos
520 472 849 489 .......
881 447 961 507 pap.
1004 432 1044 493 49
1086 488 1089 492 ,

84 522 164 584 1793
177 524 197 582 7
218 521 414 598 Septembris
428 553 443 566 -
455 522 606 582 Nostram
614 525 771 600 profecto.
784 526 965 584 Edmundo

183 619 310 676 Bur-ko.
344 616 534 676 Gratulatur
562 617 599 676 de
628 616 767 694 egregiis
794 618 832 678 ab
861 619 969 677 eodem

184 708 343 786 evulgatis
371 710 535 786 operibus,
568 727 604 770 ao
632 711 669 770 de
689 710 788 787 ipsius
810 711 915 771 studio
936 712 969 771 in

183 804 293 863 exules
314 803 552 865 Ecclesiasticos
573 804 693 878 Gallos,
717 809 751 865 et
772 805 803 864 in
830 807 970 868 (latholi-

183 913 235 955 cos
256 897 392 972 Angliae
414 941 906 958 ..........
950 918 968 960 ›
1010 901 1050 962 50

146 1065 149 1070 ¹
184 989 410 1066 7Septembris
419 1022 432 1035 ·
446 991 823 1052 microcosmum
836 996 966 1055 stuart.

184 1081 390 1144 Commendat
404 1084 552 1144 Carolum
566 1083 713 1158 Enskine‚
727 1089 760 1144 et
774 1086 883 1146 exules
895 1089 971 1148 Gal-

185 1175 302 1235 liarum
323 1176 559 1236 Ecclesiasticus
580 1177 667 1236 viros
687 1221 908 1239 .....
952 1197 971 1240 ›
1011 1183 1049 1244 51

183 1268 204 1328 5
225 1270 370 1330 Octobris
384 1303 403 1316 -
416 1271 657 1331 Intelleoimus.
674 1275 821 1342 Iosepho
840 1271 970 1336 Mariae

184 1365 359 1434 Episcopo
380 1367 584 1424 Genevsnsi.
607 1366 731 1426 Laudat
751 1365 818 1424 eius
833 1367 970 1428 studium

185 1456 218 1515 in
240 1457 413 1517 catholicae
427 1458 517 1518 Fidei
532 1461 565 1516 et
579 1459 778 1535 Apostolicae
794 1459 881 1519 Sedis
896 1479 971 1536 pro-

184 1550 388 1626 pugnatione.
412 1551 523 1613 Mittit,
540 1568 689 1629 responsa
713 1553 847 1613 diversis
875 1572 970 1630 quae-

185 1643 393 1704 stionibusab
415 1663 450 1704 eo
471 1646 642 1723 propositis
686 1691 906 1707 .....
951 1665 970 1708 t>
1010 1651 1049 1712 53

223 1743 403 1809 Responsa
420 1742 612 1809 praedictis
635 1744 909 1812 quaestionibus.

227 1831 255 1890 1.
279 1830 346 1896 Qua
356 1831 480 1890 ratione
491 1833 644 1910 Episcopo
660 1835 886 1911 procedendum
902 1852 994 1893 oum·

184 1921 363 2000 pastoribus
376 1925 432 1982 aut
443 1923 566 1984 clericis
584 1929 645 1984 eto.
665 1925 792 1986 diversa
809 1926 886 1985 licet
906 1926 971 1986 for-

182 2017 268 2076 mula
290 2016 748 2076 iuratis-communicantibus
774 2036 845 2076 cum
865 2021 971 2079 Intru-

185 2109 483 2170 sis-desertoribus
507 2109 555 2170 sui
581 2109 783 2169 tituli-cum
810 2111 970 2188 religiosis

183 2203 449 2280 apostatis-cum
471 2202 563 2276 istis,
581 2203 632 2262 vel
654 2203 779 2263 clericis
800 2203 970 2265 maioribus

184 2297 211 2356 si
225 2296 428 2356 matrimonia
442 2295 677 2356 attentaverint
689 2327 707 2340 -
720 2315 791 2356 oum
807 2315 970 2374 oppugna-

184 2390 306 2450 toribus
318 2390 494 2450 catholicae
506 2389 668 2450 doctrinae
679 2408 780 2450 -oum
792 2389 971 2451 fautoribus

184 2483 363 2544 schismatis
384 2485 434 2542 etc
438 2525 906 2544 ..........
951 2500 970 2543 a
1010 2485 1050 2546 54

226 2579 258 2640 2.
281 2577 348 2644 Qua
368 2577 491 2638 ratione
505 2594 537 2636 se
553 2595 663 2654 gerere
679 2579 813 2638 debeant
824 2580 970 2638 Pastores

182 2672 215 2731 in
237 2670 363 2749 publica
384 2675 651 2730 sacramentorum
677 2672 968 2745 administratione,

183 2767 217 2824 et
231 2763 413 2825 christiana
434 2765 599 2842 sepultura
620 2781 696 2840 erga
710 2764 808 2824 laicos
823 2765 971 2825 schisma·

182 2856 231 2917 tis
240 2859 493 2934 propugnatores
508 2857 560 2916 vel
574 2856 884 2934 fautores-bigamos
897 2862 970 2934 post

184 2953 286 3028 lepale
307 2950 482 3011 divortium
493 2950 553 3010 -in
575 2949 756 3010 adulterino
770 2951 971 3036 velliornioa-

182 3043 230 3102 rio
251 3044 407 3104 consortio
429 3048 500 3120 post
520 3043 617 3104 irrita
637 3043 840 3104 matrimonia
866 3060 971 3120 perse·

183 3141 332 3198 verantes
362 3179 908 3198 ...........
950 3152 969 3197 a
1011 3135 1051 3198 59

223 3231 254 3291 3.
278 3231 363 3298 Quae
384 3226 544 3291 sententia
564 3231 700 3290 tenenda
720 3229 757 3290 dc
779 3230 841 3304 his,
857 3230 911 3308 qui
932 3231 970 3291 ad

182 3323 362 3401 legitimum
370 3322 562 3402 superiorem
574 3323 627 3384 vel
641 3324 820 3384 nullatenus
831 3324 884 3384 vel
896 3341 972 3383 non-

181 3417 244 3477 nisi
265 3418 449 3479 difficillimo
464 3435 629 3479 recurrere
644 3418 788 3480 valentes
802 3449 818 3464 -
835 3418 887 3479 vel
902 3417 971 3479 nul·
1064 3451 1065 3456 κ

180 3510 248 3572 lum
268 3513 438 3590 parochum
453 3515 581 3590 praeter
596 3512 737 3575 iuratum
749 3513 806 3574 aut
821 3509 971 3574 schisma·

177 3631 237 3684 Vol.
252 3634 298 3686 II.
514 3649 517 3656 ·
925 3635 956 3682 la
