2632 4262
109 335 270 412 emptione
292 339 325 398 et
346 339 539 399 venditione.
553 341 592 400 II.
612 339 681 400 130.
693 340 803 401 -Num
817 339 914 401 liceat
931 338 1078 398 ccclesia·

111 429 202 489 sticis
223 431 365 508 recipere
388 437 431 494 les
452 436 528 494 bons
549 433 686 494 delivres
706 450 747 494 oc
767 436 1025 510 representation
1038 432 1078 492 de

112 525 199 583 leurs
216 528 382 600 pensiones.
402 528 471 588 142.

174 618 366 680 Branoadori
384 622 527 682 (laeseris
548 621 783 700 Arcbiepiscopi
807 620 950 684 Nisibeni
971 620 1074 681 oratio

111 706 144 767 in
167 708 279 771 funere
300 713 351 774 Pii
373 716 427 774 VI.
445 717 485 775 11.
501 715 572 798 259.

173 804 344 865 Brunensis
369 807 536 884 Episcopus
558 807 749 887 (Mathias);
773 807 894 870 Summi
914 807 1077 868 Pontificis

108 897 151 956 ad
172 916 243 958 eum
258 898 402 976 Epistola
423 904 460 962 de
481 903 723 980 obligationibus
744 903 964 981 religiosorum
984 920 1003 962 a
1024 920 1077 980 po·

112 995 230 1054 testate
257 994 346 1055 civili
368 1013 614 1074 suppressorum.
632 1000 657 1058 Ι.
674 997 724 1058 46.

172 1088 409 1165 Burdigalensis
441 1092 703 1168 Archiepiscopus
723 1091 936 1168 Hieronymus
957 1089 1072 1165 Maria;

111 1178 165 1238 Pii
187 1181 230 1240 VI
251 1181 394 1258 Epistola
415 1185 452 1243 ad
475 1203 557 1244 eum.
575 1187 599 1244 Ι.
615 1185 666 1244 26.

174 1274 281 1336 Burke
301 1277 480 1337 Edmundus
501 1278 630 1355 egregia
644 1295 738 1354 opera
752 1279 900 1355 evulgat:
922 1277 990 1338 eius
1011 1280 1077 1340 stu·

110 1367 201 1428 dium
222 1385 299 1447 erga
319 1371 444 1430 exsules
465 1373 498 1431 et
519 1371 692 1432 catholicos
711 1371 858 1449 Angliae.
875 1373 914 1432 ΙΙ.
927 1371 978 1432 50.

580 1564 605 1621 0

174 1748 361 1809 (badonensis
381 1746 608 1809 Universitatls
629 1751 749 1809 Rector
770 1751 804 1808 et
825 1748 987 1826 Syndacus
1007 1747 1076 1806 lau·

108 1843 228 1902 dantur
249 1842 287 1900 ob
312 1841 557 1902 declarationem
585 1841 703 1902 editam
729 1842 766 1900 de
791 1841 891 1901 civico
918 1841 1077 1902 iuramen-

113 1939 159 1996 to.
174 1937 199 1995 1.
216 1934 288 1996 209.

174 2027 355 2090 Galaritano
369 2027 609 2104 Archiopiscopo
624 2027 788 2104 epistolam
803 2026 915 2088 scribit
928 2027 1004 2088 Pius
1018 2028 1073 2088 VI.

172 2214 300 2291 Oaleppi
321 2214 513 2276 Laurentius
538 2216 707 2291 respondet
731 2214 959 2276 commissoriis
986 2213 1078 2274 Dire-

111 2308 209 2370 ctcrii
230 2309 443 2386 exsequutivi‚
460 2309 582 2370 nomine
597 2308 648 2368 Pii
670 2310 723 2370 VI.
742 2310 780 2370 ΙΙ.
797 2309 868 2368 234.

172 2401 352 2462 Oalviniani
365 2402 396 2460 in
412 2403 518 2464 Gallia
531 2402 702 2480 pernicicm
717 2401 881 2479 religionis
903 2399 1078 2463 catholicae

111 2495 300 2556 moliuntur.
314 2497 353 2556 ΙΙ.
367 2497 408 2557 23
421 2500 454 2556 et
469 2514 532 2573 seq.
545 2496 715 2557 ·Libellos
730 2496 896 2556 seditiosos
910 2498 1077 2571 spargunt,

109 2595 145 2651 ot
159 2589 467 2667 pseudophilosophis
489 2607 520 2649 se
541 2589 728 2666 adiungunt.
742 2588 887 2648 Ibid.-n
901 2589 993 2648 Glero
1009 2587 1079 2665 gal·
1145 2611 1149 2618 ·

111 2684 214 2746 licano
236 2686 269 2744 et
290 2685 417 2744 Summo
438 2683 593 2743 Pontifico
615 2682 855 2742 denunciantur.
869 2680 1080 2741 Ibid.-Exse-

108 2777 230 2838 cranda
248 2769 538 2855 HugonisRosarii
563 2775 706 2836 assertio.
737 2774 816 2834 Ibid.
830 2791 935 2850 -prae
963 2771 1078 2832 ceteris

112 2868 284 2930 haereticis
306 2869 449 2931 violenti.
467 2871 508 2930 ΙΙ.
525 2870 576 2942 28,
589 2869 639 2930 29.

174 2961 402 3023 (lamberiensis
425 2961 584 3022 Ecclesiae
609 2957 748 3038 Capituli
776 2955 1078 3020 Gathcdralis·fldes

112 3059 147 3116 et
168 3056 357 3116 constantia.
375 3058 415 3117 ΙΙ.
433 3057 484 3116 62.

173 3150 321 3212 Canonici
342 3149 534 3210 cathedralis
555 3148 678 3210 nonnisi
697 3147 912 3208 consultativa
929 3143 1080 3222 suffragia

111 3243 199 3304 ferre
220 3247 360 3322 possunt.
385 3246 410 3304 Ι.
423 3245 620 3306 itit-Eorum
641 3240 778 3302 utilitas.
802 3243 827 3300 Ι.
846 3239 1077 3310 los-Eorum,

111 3337 328 3416 psallendique
350 3355 424 3400 usus
444 3354 548 3398 osores
570 3335 609 3396 ab
629 3334 789 3394 immundo
805 3332 921 3410 spiritu
936 3329 1078 3409 impulsi.

112 3431 193 3492 Ibid.
210 3435 244 3491 et
265 3449 328 3508 seq.

173 3522 392 3600 Oapitulorum
413 3523 585 3602 illegitima
607 3519 797 3600 suppressio.
812 3520 836 3579 Ι.
853 3515 1006 3592 101,102.
