2582 4270
294 417 401 475 obrem
422 413 589 490 expediet,
606 415 642 472 ut
662 413 716 472 isti
737 412 862 472 exsules
888 413 997 489 quovis
1011 412 1174 484 bimestri,
1198 431 1257 472 or-

294 509 438 582 dinario,
460 509 566 568 aiusve
594 507 737 584 generali
759 509 905 580 Vicario,
928 509 984 568 aut
1012 505 1038 565 si
1059 507 1181 584 longior
1209 507 1258 565 di·

293 603 412 664 stantia
432 603 658 661 incommodum
680 603 798 677 pariat,
821 601 968 660 viciniori
991 600 1108 660 vicario
1129 599 1258 660 foraueo

295 715 326 757 se
349 696 476 756 sistant.

355 789 385 849 5.
403 791 446 850 Ut
468 787 619 848 similiter
640 793 820 866 compareat
840 788 956 864 quivis,
972 805 1028 864 pro
1050 788 1166 846 edendo
1188 806 1257 864 spe·

294 882 407 942 cimiue
428 881 691 943 caeremoniarum
718 881 852 954 missae,
877 899 980 941 ooram
1009 881 1079 939 viro
1108 881 1255 940 ecclesia·

295 976 375 1036 stico
397 979 436 1034 ad
464 975 495 1034 id
518 975 680 1052 designato
702 993 758 1050 per
781 974 986 1034 ordinarium.
1018 975 1101 1041 Quae
1130 971 1257 1049 quidem

295 1070 473 1144 cautiones,
497 1087 565 1128 cnm
587 1070 625 1130 ab
646 1069 866 1146 augustissimo
888 1069 1042 1146 Mysterio
1064 1067 1257 1146 profanatio·

296 1163 343 1222 nis
364 1162 536 1240 periculum
558 1165 759 1236 removeant,
783 1163 922 1239 profecto
952 1161 1067 1220 nemini
1089 1161 1167 1220 bono
1190 1178 1257 1218 mo·

295 1257 393 1316 lestae
415 1257 618 1316 videbuntur.
1231 1305 1235 1313 .

354 1351 384 1409 6.
408 1353 451 1411 Ut
472 1351 509 1408 ad
533 1352 654 1426 tempus
676 1351 754 1426 quod
776 1349 915 1421 attinet,
939 1349 1099 1408 reficiendi
1122 1366 1256 1424 corpus,

296 1443 480 1518 domumque
501 1445 649 1502 redeundi
671 1443 817 1520 vesperi,
841 1444 1009 1504 adstrictos
1035 1462 1065 1502 sa
1088 1441 1195 1501 norint
1216 1443 1257 1500 ad

295 1539 386 1596 horas
414 1535 552 1612 aliasque
581 1535 700 1596 ordinis
729 1537 867 1596 rationes
895 1537 962 1596 eius
989 1535 1173 1597 monasterii
1201 1535 1257 1594 vel

295 1634 491 1702 conventus,
513 1627 545 1686 iu
574 1647 633 1706 quo
661 1633 919 1713 commorantur,
941 1648 998 1706 pro
1026 1629 1257 1705 frequentando

295 1725 406 1784 diurno
428 1724 533 1796 choro,
556 1725 589 1782 et
610 1723 701 1795 aliis,
717 1723 828 1800 quibus
849 1723 988 1782 Ecclesia
1008 1727 1091 1800 eget,
1107 1722 1259 1780 exhiben-

295 1817 343 1876 dis
363 1815 516 1889 servitiis;
538 1834 607 1875 oum
629 1817 844 1876 sanctissimus
859 1817 1006 1876 Dominus
1028 1828 1101 1875 eum‘
1113 1816 1145 1874 iu
1161 1815 1257 1874 finem

295 1909 483 1970 concesserit
503 1909 579 1985 ipsis
600 1908 766 1969 facultates
788 1909 1038 1969 accommodaudi
1054 1928 1086 1968 se
1101 1910 1131 1968 iu
1148 1909 1259 1968 divino

296 2003 393 2062 officio
415 2003 577 2062 recitando
600 2003 628 2061 ei
649 2004 739 2076 loco,
763 2004 792 2062 iu
817 2023 876 2082 quo
897 2006 1036 2080 degunt,
1059 2003 1260 2080 ejusdemque
1286 2071 1287 2078 ἵ

296 2095 465 2158 directorio
487 2100 519 2158 in
542 2099 734 2160 celebrandis
755 2099 868 2158 missis.
1286 2173 1287 2176 Ἴ

355 2196 385 2252 7.
409 2193 477 2253 Etsi
499 2192 577 2252 satis
597 2192 724 2270 cognita
737 2193 780 2252 sit
801 2191 993 2268 regularium
1015 2194 1175 2267 charitaS,
1193 2214 1258 2271 qua
1286 2187 1287 2206 ³

294 2285 523 2346 ecclesiasticos
537 2285 660 2344 exsules
675 2289 862 2361 acceperuut
875 2286 985 2359 adhuc,
1002 2287 1257 2364 habueruntque3

296 2385 400 2442 tamen
422 2378 556 2456 episcopi
577 2397 638 2436 nou
660 2383 782 2437 cessent
803 2379 868 2438 ullo
889 2379 977 2436 modo
991 2379 1082 2438 hosce
1097 2379 1165 2438 illis
1179 2399 1260 2456 qua-

295 2472 343 2531 vis
364 2472 438 2531 data
459 2471 695 2547 opportunitate
725 2471 961 2544 commendare,
985 2474 1018 2531 et
1041 2472 1160 2533 instare
1181 2474 1260 2532 hor-

295 2564 479 2635 tationibus,
497 2567 533 2622 ut
551 2563 709 2622 laudabile
732 2580 808 2639 opus
831 2561 863 2620 iu
885 2566 1045 2640 posterum
1067 2583 1261 2642 prosequan-

295 2664 360 2730 tur,
377 2673 474 2732 ueque
495 2656 525 2714 id
548 2655 709 2732 regulares
724 2658 861 2730 tautum,
877 2658 926 2716 sed
943 2658 1000 2718 alii
1015 2677 1135 2736 quoque
1150 2676 1263 2719 omnes

295 2753 359 2810 tam
381 2749 597 2823 ecclesiastici,
614 2768 705 2826 quam
721 2751 905 2811 saeculares.

353 2845 383 2904 8.
400 2847 443 2906 Ut
464 2843 659 2920 presbyteris
680 2845 841 2904 exsulibus
855 2845 1021 2906 missarum
1036 2846 1194 2924 stipendia
1209 2847 1262 2909 fa·

293 2937 386 2996 cilius
400 2946 631 3013 comparentur,
645 2938 773 2998 valeant
784 2956 891 2997 eorum
903 2939 1064 2999 Ordinarii
1075 2939 1261 3000 attribuere

294 3031 403 3090 iisdem
424 3032 462 3090 ad
484 3032 701 3091 celebrandum
723 3053 780 3105 ea,
800 3053 878 3110 quae
900 3037 1039 3110 tempore
1062 3033 1265 3096 visitationis

293 3125 393 3184 adhuc
414 3125 576 3184 retardata
597 3125 789 3198 invenerint,
812 3131 868 3187 aut
888 3126 1051 3186 inventuri
1073 3131 1163 3185 suut:
1181 3129 1261 3187 dein

292 3219 327 3274 et
347 3217 544 3292 permittere,
569 3219 605 3275 ut
626 3217 749 3292 quibus,
773 3218 811 3275 ob
833 3218 993 3294 ingentem
1017 3236 1197 3290 numerum,
1224 3221 1261 3278 iu

291 3309 441 3368 Ecclesiis
470 3311 520 3368 vel
549 3309 704 3370 altaribus
732 3328 750 3368 a
776 3309 939 3369 fundatore
969 3315 1025 3371 aut
1053 3312 1262 3373 benefactore

292 3402 477 3480 designatis,
495 3403 643 3464 satisfieri
665 3403 786 3462 cunctis
807 3405 888 3462 haud
910 3409 1025 3480 posset,
1042 3424 1078 3466 ea
1091 3407 1129 3465 ab
1144 3406 1183 3464 iis
1201 3409 1265 3467 Sa-

292 3495 470 3555 cerdotibus
494 3497 682 3573 expleantur
703 3496 734 3554 iu
756 3496 896 3556 Ecclesia
917 3497 1115 3572 monasterii,
1139 3499 1172 3556 in
1196 3519 1264 3576 quo

251 3587 254 3592 “
289 3590 419 3664 viruut3
434 3608 505 3649 oum
526 3589 748 3650 sanctissimus
761 3591 908 3652 Dominus
930 3610 966 3651 eo
987 3593 1115 3653 consilio
1131 3610 1264 3654 conces-
