2632 4262
95 362 188 424 cinae
209 361 461 427 oollaorimantes
491 362 569 437 fidi,
592 381 722 441 quorum
749 365 889 426 humeris
917 367 1057 430 labantia

94 459 236 536 imponit
261 458 408 532 brachia,
431 459 465 518 et
484 459 566 522 male
587 459 658 519 fidis
679 459 819 520 brachiis
841 462 1055 523 commendare

95 553 288 612 exhaustum
301 555 335 612 et
347 553 495 618 caducum
512 569 624 629 corpus
639 552 767 613 nititur.
785 555 828 614 Ut
841 571 949 632 aegre,
959 572 1057 632 quan·

96 648 167 706 tum
189 646 303 722 potuit,
319 645 473 720 incubuit,
487 645 720 722 Experiamur,
736 647 795 720 ait,
811 665 856 707 aa
872 656 1058 724 promptum

96 739 248 800 animum
258 741 403 816 prompti
422 740 717 816 sequauturpcdcs:
728 757 884 818 mapsam
895 743 983 802 euim
994 743 1057 801 iter

95 832 327 908 capessondum
347 841 403 892 est.
420 836 465 894 Ao
481 835 516 892 ut
536 831 630 907 vidit,
646 851 751 911 aegre,
768 834 820 895 sed
844 839 947 896 tamen
964 835 1057 911 pedes

96 924 198 1000 sequi,
213 925 305 1001 gravi
327 943 494 1003 serenoque
516 926 610 986 vultu
631 926 893 1004 circumspiciens,
908 927 1054 998 Munere,

96 1016 223 1094 inquit,
252 1021 324 1080 aias
349 1022 591 1082 carissimorum
619 1023 765 1097 periculo
789 1020 1056 1098 compescamus?

95 1112 149 1170 uis
170 1111 236 1172 esti
250 1127 368 1172 camus.
385 1113 410 1172 0
425 1112 628 1191 singularem,
645 1117 679 1172 et
692 1112 818 1187 miram,
833 1117 867 1175 at
880 1114 965 1174 omui
980 1131 1058 1173 sem·

95 1219 156 1281 per
167 1203 259 1264 laude
270 1203 418 1264 maiorem
433 1204 573 1264 futuram
582 1206 653 1265 Viri
664 1207 884 1281 constantiam,
897 1206 957 1268 etsi
970 1206 1058 1268 nulla

97 1316 243 1376 umquam
265 1300 389 1360 saecula
410 1300 634 1362 conticescentt

110 1415 112 1420 ·
158 1392 236 1452 Abit
249 1394 364 1452 Parma
384 1396 580 1454 venerandus
595 1395 697 1455 Senex
711 1395 750 1456 ab
765 1395 841 1472 ipsis
855 1394 969 1456 mortis
989 1395 1056 1456 fau·

96 1485 186 1546 cibus
205 1489 344 1562 ereptus,
360 1486 387 1546 si
408 1486 490 1546 forte
511 1488 627 1548 alicubi
649 1506 735 1548 mors
749 1488 854 1550 fauces
874 1507 945 1548 suas
967 1505 1057 1565 pura·

97 1579 196 1640 tiores
217 1580 341 1640 habeat.
357 1582 402 1642 lla
423 1599 499 1642 vero
520 1581 615 1659 longo
633 1581 743 1642 itineri
764 1599 930 1659 numquam
952 1583 1056 1642 adesse

96 1675 221 1735 voluit:
244 1679 278 1734 et
298 1675 359 1734 iam
379 1677 552 1752 Augustam
583 1677 792 1736 Taurinorum
813 1673 1056 1752 perveniendum

96 1767 171 1828 fuit.
187 1767 246 1828 Hic
263 1768 336 1844 quid
351 1771 517 1846 praeterea
530 1768 681 1830 moliatur
695 1768 860 1830 incruenta
872 1768 1055 1842 crudelitas,

97 1879 160 1938 quo
181 1864 314 1920 mortem
336 1861 396 1922 huc
419 1879 514 1938 usque
541 1861 714 1938 fugientem
742 1880 777 1922 ac
795 1879 891 1938 paene
913 1877 1057 1922 recusau-

97 1958 163 2014 tem
188 1957 300 2031 cogat3
324 1954 384 2014 uisi
418 1959 454 2015 ut
480 1957 591 2014 Senem
612 1954 742 2031 rupibus
769 1959 803 2014 et
840 1956 983 2016 cautibus
1002 1955 1058 2016 Al·

96 2046 183 2124 pium
204 2046 357 2108 obiiciat?
376 2049 457 2110 Nam
478 2052 511 2108 et
532 2047 605 2108 Itali
634 2047 713 2108 caeli
735 2047 798 2107 iam
823 2051 972 2126 appetens
993 2049 1056 2110 clo·

96 2139 216 2200 mentia
237 2158 321 2218 spem
343 2142 479 2218 augebat
509 2141 590 2214 fone,
618 2145 654 2201 ut
675 2141 746 2199 iude
760 2142 799 2201 ad
814 2141 916 2213 nives,
932 2144 970 2201 ad
986 2141 1054 2219 gla·
1115 2203 1119 2211 ,

95 2233 173 2307 cies,
188 2235 226 2294 ad
248 2235 441 2312 rigidissima
465 2235 593 2311 Alpium
613 2233 734 2312 frigora
765 2234 909 2294 invectus
930 2237 964 2294 at
984 2251 1057 2311 pro-

96 2328 206 2386 trusus
227 2328 352 2388 tsndem
369 2327 577 2388 occumberet.
593 2329 677 2404 Ergo
699 2327 795 2404 Alpes
811 2325 955 2387 traiicist
969 2326 1054 2386 senio

96 2418 258 2480 coniectus
278 2423 313 2479 et
327 2419 499 2480 semivivus
520 2418 678 2491 Pontifex,
695 2419 803 2496 Alpes,
821 2435 899 2496 quae
920 2419 1057 2494 Impera-

97 2515 198 2572 torem
221 2518 293 2589 post
306 2513 464 2572 hominum
486 2512 667 2572 memoriam
688 2512 928 2572 audacissimum
942 2515 976 2570 et
988 2527 1058 2570 cru·

97 2605 292 2666 delissimum
319 2605 608 2683 Carthaginiensem
630 2605 815 2666 Annibalem
831 2605 887 2664 vix
909 2621 970 2662 non
992 2609 1058 2664 ter·

96 2701 243 2771 ruerunt;
265 2697 429 2774 atquibus
449 2696 549 2756 maius
580 2715 661 2772 nuuc
682 2715 793 2756 nomen
814 2698 848 2756 et
875 2697 1056 2756 diuturnius
1077 2717 1081 2726 ·

96 2789 196 2851 stabit
210 2789 249 2850 ob
263 2790 508 2850 recordationem
529 2787 737 2848 crudelissimi
755 2788 893 2860 itineris,
908 2805 967 2864 quo
981 2787 1058 2849 Pius

96 2884 214 2944 Sextus
234 2899 291 2959 per
310 2900 363 2942 eas
383 2883 422 2943 ab
442 2881 647 2944 audacissimo
667 2881 772 2940 furore
794 2880 931 2940 hostium
952 2883 1058 2957 rapta-

95 2980 150 3038 tus
169 2979 230 3036 est.
245 2975 321 3044 Quis
335 2980 392 3036 aut
411 2975 507 3049 dicat,
522 2979 578 3035 aut
597 2974 720 3050 assequi
733 2972 922 3050 cogitatione
944 2973 1055 3050 possit,

95 3074 172 3148 quot
181 3087 316 3147 quasque
327 3069 468 3148 perferre
480 3068 624 3130 debuerit
634 3084 801 3130 aerumnas
813 3066 973 3142 Pontifex,
982 3070 1056 3128 anta

95 3181 187 3240 quam
209 3162 367 3240 Brigantii
389 3163 474 3224 iuter
492 3162 622 3223 horrida
642 3166 677 3222 et
703 3161 861 3238 inhospita
882 3178 956 3222 nexa
976 3161 1058 3238 posi-

95 3261 150 3316 tus
169 3255 244 3316 fuiti
257 3258 323 3316 Aut
343 3256 412 3333 quis
433 3256 537 3333 potius
564 3253 702 3331 prodigii
723 3253 972 3332 magnitudinem
994 3271 1055 3312 non

94 3349 243 3421 miretur,
264 3351 374 3410 Senem
396 3349 428 3409 id
450 3349 577 3420 aetatis,
597 3349 654 3408 hac
674 3347 874 3421 valetudine,
901 3347 950 3407 his
968 3363 1058 3406 aeru-

94 3441 176 3502 mnis
191 3442 376 3504 incolumem
390 3442 584 3520 pervenisset
594 3441 673 3508 Quid
688 3459 763 3519 ergo
773 3441 960 3500 incolumem
976 3439 1055 3512 dixi,

93 3552 185 3614 quem
208 3535 338 3609 scimus,
363 3533 609 3596 Eminentissimi
637 3535 769 3608 Patres,
791 3551 827 3593 eo
848 3551 940 3611 quam
961 3535 1056 3594 antea
