2624 4260
14 293 114 370 ierit,
144 300 179 357 et
206 313 267 376 qua
294 299 410 359 mentis
435 301 655 363 excaecatione
677 304 776 364 eidem
798 305 898 366 offloia
918 323 988 370 mea

13 394 199 469 sortemque
211 392 321 454 beatae
335 394 539 456 aeternitatis
554 397 756 459 immolarim.
774 393 877 460 Eheu!
892 417 986 480 quam

14 484 175 560 profunda
188 487 239 546 est
251 486 396 563 abyssus,
411 503 503 565 quam
520 489 576 548 sub
590 489 720 566 pedibus
731 491 809 551 meis
820 495 983 554 excavavit

12 579 178 646 Quomodo
192 579 345 657 reparabo
360 582 451 641 tenta
465 582 622 656 seandala,
643 583 875 660 profanationes
888 590 923 648 et
935 605 987 649 aa·

13 673 172 752 orilegiai
191 676 218 734 0
238 664 386 735 Domine!
410 674 557 736 revelabo
577 675 656 734 forti
677 675 798 750 animo,
814 679 987 742 confitebor

14 769 183 844 perfidiam
204 785 323 843 meam3
347 770 450 847 palam
471 769 584 832 faniam
606 789 642 830 eo
664 773 810 846 bandora,
826 775 878 851 qui
901 776 985 836 solue

13 864 139 923 mederi
160 863 384 941 quodammodo
405 866 509 940 potest
531 864 634 939 malis,
656 883 788 942 quornm
803 871 916 928 auotor
929 874 987 932 aut

14 959 138 1019 oeeasie
150 958 274 1032 exstiti,
290 961 323 1017 et
337 956 552 1018 miserioordia
568 961 623 1017 tua
636 957 826 1019 saerilioium
841 963 900 1022 boo
915 977 988 1041 gra·

16 1055 83 1111 tum
107 1052 226 1112 habens
245 1050 366 1111 delebit
386 1049 589 1129 iniquitatem
610 1067 721 1113 meam.

74 1148 145 1224 llgo
166 1147 315 1215 deoennio
336 1147 497 1208 Paroohua
518 1146 564 1206 fui
587 1147 619 1206 S.
643 1146 735 1206 Petri
756 1147 829 1207 lobi¹
843 1150 982 1229 Albigny
1070 1164 1076 1180 ·

15 1239 171 1300 dioeoesie
191 1241 461 1314 chamberiensie3
484 1239 528 1299 ibi
550 1239 631 1314 vixi,
653 1240 754 1300 ausim
775 1241 891 1316 dinero,
914 1261 985 1305 enm

14 1334 163 1410 opinione
185 1333 329 1406 virtutis,
345 1351 437 1410 quam
453 1333 595 1394 hominos
610 1334 749 1394 moribus
763 1335 899 1395 austeris
913 1353 983 1414 pas·

16 1428 74 1486 sim
97 1427 258 1488 tribuunt:
281 1430 335 1487 sed
357 1432 405 1501 tu,
427 1431 509 1489 Deus
530 1443 629 1501 meus,
652 1429 705 1505 qni
720 1429 874 1489 serutaria
888 1431 985 1491 eorda

15 1525 49 1581 et
68 1539 178 1596 renea,
201 1522 323 1597 vidisti,
344 1526 424 1600 quod
446 1540 542 1600 opera
561 1539 631 1582 mea
645 1537 744 1582 vaona
758 1519 888 1596 fuerint,
904 1525 983 1600 quod

16 1617 163 1678 oecultua
177 1634 264 1678 amor
278 1617 423 1694 proprius
438 1635 475 1678 ea
490 1618 688 1694 produxerit,
702 1621 735 1678 et
748 1619 830 1694 qnod
844 1633 984 1677 meorum

16 1710 214 1788 rogitatione
226 1711 413 1770 meritorum
425 1710 572 1786 turgidae
584 1709 736 1769 nonsatis
748 1710 921 1770 honorisiis
929 1711 986 1770 ha·

16 1805 85 1865 beri
101 1819 199 1882 aegre
213 1805 353 1864 tulerim.
369 1805 403 1864 In
418 1805 476 1863 hoo
490 1803 586 1864 animi
601 1803 711 1864 habitu
722 1821 809 1863 mens
823 1821 924 1881 prona
933 1808 985 1865 eet

15 1897 243 1972 incensurum,
258 1915 313 1958 eor
327 1898 359 1957 in
375 1897 571 1959 obedientiae
584 1897 829 1974 impatientiam
847 1897 986 1959 libenter

15 1992 195 2053 audiuntur
222 1991 437 2069 querimoniae
458 1995 570 2052 eontra
590 1991 836 2062 anctoritatem,
858 1995 892 2050 et
912 2005 985 2051 mox
1008 1985 1009 1988 ’

14 2086 136 2146 eisdem
148 2085 331 2164 suffragium
344 2072 541 2164 adiungitur.
556 2087 606 2144 lta
617 2101 687 2144 oum
699 2083 895 2144 neoessitudo
906 2082 985 2144 mihi

15 2197 87 2240 eum
110 2180 305 2241 Iansenianis
326 2185 427 2254 esset,
451 2175 537 2240 illioo
557 2178 703 2252 laudavi,
724 2180 806 2254 quod
835 2175 985 2238 voeabam

15 2291 128 2334 eornm
149 2274 326 2348 virtutem3
349 2274 478 2334 subinde
500 2271 588 2352 ooepi
603 2271 833 2348 reprehendere
847 2269 985 2330 auotori-

16 2371 133 2442 tatem,
155 2387 234 2445 quae
255 2385 308 2427 eos
327 2366 563 2439 condemnabam
576 2366 700 2426 demum
714 2368 841 2444 egomet
858 2379 983 2442 parere,

18 2463 77 2524 nisi
93 2463 283 2540 prudentiae
298 2461 433 2534 nomine,
447 2459 535 2522 desii.
549 2461 721 2522 Funestam
735 2459 900 2537 superbiae
912 2477 985 2538 pro-

17 2557 230 2636 gressionem!
254 2557 287 2617 in
309 2573 385 2632 quos
406 2571 465 2614 non
481 2569 604 2615 erronee
616 2571 667 2614 me
681 2553 751 2630 ipsa
763 2553 915 2614 oonieoiti
932 2556 986 2613 ln·

16 2651 96 2710 felix
118 2649 252 2726 epoobat
276 2665 356 2725 quae
377 2647 410 2706 in
431 2646 619 2707 Sabaudiam
640 2661 773 2723 regnum
787 2644 936 2705 licentiae
950 2650 986 2706 et

16 2742 194 2821 impietatis
214 2741 351 2814 invexit,
372 2738 532 2800 debuisset
552 2756 602 2799 me
623 2738 737 2799 intimo
760 2755 852 2797 sensu
867 2737 984 2797 doloris

18 2837 157 2908 affluere,
177 2837 213 2895 et
232 2835 335 2895 telum
354 2834 388 2893 in
410 2851 458 2894 me
480 2832 637 2894 exaitare:
661 2833 730 2910 ipsa
750 2834 861 2891 eontra
880 2830 913 2890 in
934 2847 984 2890 me

17 2945 189 3008 perversae
211 2929 276 3006 spei
296 2931 331 2988 et
351 2926 585 2990 aberrationnm
607 2927 728 2987 ooeasio
741 2924 856 2986 evasit.
873 2923 985 2984 Liber·

17 3032 121 3085 tatem
149 3022 363 3095 Gallicanam,
385 3019 551 3080 seeundum
573 3020 631 3079 hoo
659 3019 813 3080 vitiorum
835 3033 982 3096 germen,

17 3118 74 3176 sub
98 3115 202 3194 speeie
223 3114 294 3174 boni
308 3112 386 3173 mihi
400 3112 559 3190 proposui,
575 3117 609 3172 et
623 3115 867 3192 aequalitatem
883 3109 985 3170 fastus

17 3209 189 3270 delirantis
202 3207 351 3278 fructum,
367 3205 484 3266 saeculi
498 3203 600 3264 felicia
614 3223 760 3267 auroram
774 3203 931 3282 reputavi.
948 3204 984 3264 ln
1110 3228 1112 3232 ·

17 3319 113 3380 qnam
124 3301 242 3378 spissas
252 3300 398 3361 tenebras
408 3315 529 3359 mersus
539 3301 611 3358 erat
621 3299 753 3375 spiritus
764 3315 851 3357 meus
862 3297 986 3357 tFran-

18 3397 66 3456 oie
88 3395 234 3456 funditus
255 3411 378 3467 eversa,
400 3391 653 3453 convulsionibns
668 3391 986 3452 indesinenterrena-

18 3489 181 3552 edentibus
201 3487 341 3566 agitata3
364 3485 479 3564 religio
493 3485 525 3544 in
541 3485 740 3564 dogmatibus
754 3484 831 3557 suia,
845 3501 985 3553 ‚anamo-
1088 3473 1090 3480 ’

119 3598 179 3651 Vol.
196 3599 241 3650 Π.
861 3597 891 3644 lb
