<?xml version="1.0" encoding="UTF-8"?>
<!DOCTYPE html PUBLIC "-//W3C//DTD XHTML 1.0 Transitional//EN"
    "http://www.w3.org/TR/xhtml1/DTD/xhtml1-transitional.dtd">
<html xmlns="http://www.w3.org/1999/xhtml" xml:lang="en" lang="en">
 <head>
  <title>
</title>
<meta http-equiv="Content-Type" content="text/html;charset=utf-8" />
  <meta name='ocr-system' content='tesseract 3.04.00' />
  <meta name='ocr-capabilities' content='ocr_page ocr_carea ocr_par ocr_line ocrx_word'/>
</head>
<body>
  <div class='ocr_page' id='page_1' title='image "./piivipontmaxact02piusgoog_0089.png"; bbox 0 0 2606 4268; ppageno 0'>
   <div class='ocr_carea' id='block_1_1' title="bbox 74 392 1118 1580">
    <p class='ocr_par' dir='ltr' id='par_1_1' title="bbox 74 392 1118 1409">
     <span class='ocr_line' id='line_1_1' title="bbox 76 392 1041 472; baseline 0.007 -21"><span class='ocrx_word' id='word_1_1' title='bbox 76 399 164 452; x_wconf 89' lang='lat' dir='ltr'>certe</span> <span class='ocrx_word' id='word_1_2' title='bbox 186 392 331 466; x_wconf 89' lang='lat' dir='ltr'>inanem,</span> <span class='ocrx_word' id='word_1_3' title='bbox 354 397 390 452; x_wconf 93' lang='lat' dir='ltr'>ut</span> <span class='ocrx_word' id='word_1_4' title='bbox 409 392 648 467; x_wconf 82' lang='lat' dir='ltr'>intelleximus,</span> <span class='ocrx_word' id='word_1_5' title='bbox 672 395 829 455; x_wconf 74' lang='lat' dir='ltr'><strong>subsecuti</strong></span> <span class='ocrx_word' id='word_1_6' title='bbox 858 400 1041 472; x_wconf 84' lang='lat' dir='ltr'>proventus.</span> 
     </span>
     <span class='ocr_line' id='line_1_2' title="bbox 76 487 1044 564; baseline 0 -16"><span class='ocrx_word' id='word_1_7' title='bbox 76 489 126 548; x_wconf 81' lang='lat' dir='ltr'>Ex</span> <span class='ocrx_word' id='word_1_8' title='bbox 146 487 259 564; x_wconf 88' lang='lat' dir='ltr'>quibus</span> <span class='ocrx_word' id='word_1_9' title='bbox 280 487 422 546; x_wconf 90' lang='lat' dir='ltr'>omnibus</span> <span class='ocrx_word' id='word_1_10' title='bbox 447 487 541 548; x_wconf 83' lang='lat' dir='ltr'>facile</span> <span class='ocrx_word' id='word_1_11' title='bbox 563 488 669 561; x_wconf 88' lang='lat' dir='ltr'>vobis,</span> <span class='ocrx_word' id='word_1_12' title='bbox 690 490 886 550; x_wconf 89' lang='lat' dir='ltr'>venerabiles</span> <span class='ocrx_word' id='word_1_13' title='bbox 900 491 1044 564; x_wconf 79' lang='lat' dir='ltr'><strong>Fratres,</strong></span> 
     </span>
     <span class='ocr_line' id='line_1_3' title="bbox 75 579 1047 658; baseline 0.004 -19"><span class='ocrx_word' id='word_1_14' title='bbox 75 579 318 658; x_wconf 89' lang='lat' dir='ltr'>persuaseritis,</span> <span class='ocrx_word' id='word_1_15' title='bbox 343 583 478 657; x_wconf 87' lang='lat' dir='ltr'>quantae</span> <span class='ocrx_word' id='word_1_16' title='bbox 500 599 519 641; x_wconf 88' lang='lat' dir='ltr'>a</span> <span class='ocrx_word' id='word_1_17' title='bbox 538 580 635 643; x_wconf 91' lang='lat' dir='ltr'>Nobis</span> <span class='ocrx_word' id='word_1_18' title='bbox 647 599 684 640; x_wconf 92' lang='lat' dir='ltr'>ac</span> <span class='ocrx_word' id='word_1_19' title='bbox 699 583 856 643; x_wconf 89' lang='lat' dir='ltr'>aNostris</span> <span class='ocrx_word' id='word_1_20' title='bbox 871 600 965 642; x_wconf 86' lang='lat' dir='ltr'>curae</span> <span class='ocrx_word' id='word_1_21' title='bbox 980 583 1047 644; x_wconf 90' lang='lat' dir='ltr'>sint</span> 
     </span>
     <span class='ocr_line' id='line_1_4' title="bbox 76 675 1045 754; baseline 0.002 -19"><span class='ocrx_word' id='word_1_22' title='bbox 76 676 115 735; x_wconf 87' lang='lat' dir='ltr'>ad</span> <span class='ocrx_word' id='word_1_23' title='bbox 131 675 370 736; x_wconf 74' lang='lat' dir='ltr'><strong>sustentandam</strong></span> <span class='ocrx_word' id='word_1_24' title='bbox 385 676 613 753; x_wconf 83' lang='lat' dir='ltr'>emigratornm</span> <span class='ocrx_word' id='word_1_25' title='bbox 630 677 728 736; x_wconf 80' lang='lat' dir='ltr'>vitani</span> <span class='ocrx_word' id='word_1_26' title='bbox 751 681 923 753; x_wconf 88' lang='lat' dir='ltr'>susceptae.</span> <span class='ocrx_word' id='word_1_27' title='bbox 935 679 1045 754; x_wconf 88' lang='lat' dir='ltr'>Itaque</span> 
     </span>
     <span class='ocr_line' id='line_1_5' title="bbox 76 768 1046 847; baseline 0.002 -19"><span class='ocrx_word' id='word_1_28' title='bbox 76 769 158 829; x_wconf 88' lang='lat' dir='ltr'>certi</span> <span class='ocrx_word' id='word_1_29' title='bbox 187 768 260 828; x_wconf 88' lang='lat' dir='ltr'>sitis</span> <span class='ocrx_word' id='word_1_30' title='bbox 281 787 387 829; x_wconf 89' lang='lat' dir='ltr'>omnes</span> <span class='ocrx_word' id='word_1_31' title='bbox 410 771 534 847; x_wconf 81' lang='lat' dir='ltr'>exquiri</span> <span class='ocrx_word' id='word_1_32' title='bbox 556 788 575 830; x_wconf 93' lang='lat' dir='ltr'>a</span> <span class='ocrx_word' id='word_1_33' title='bbox 594 769 692 832; x_wconf 90' lang='lat' dir='ltr'>Nobis</span> <span class='ocrx_word' id='word_1_34' title='bbox 717 771 867 842; x_wconf 86' lang='lat' dir='ltr'>rationes,</span> <span class='ocrx_word' id='word_1_35' title='bbox 889 775 1046 847; x_wconf 79' lang='lat' dir='ltr'>Deumque</span> 
     </span>
     <span class='ocr_line' id='line_1_6' title="bbox 76 863 1046 943; baseline 0.002 -21"><span class='ocrx_word' id='word_1_36' title='bbox 76 863 231 940; x_wconf 92' lang='lat' dir='ltr'>optimum</span> <span class='ocrx_word' id='word_1_37' title='bbox 246 863 417 926; x_wconf 90' lang='lat' dir='ltr'>maximum</span> <span class='ocrx_word' id='word_1_38' title='bbox 432 865 600 936; x_wconf 86' lang='lat' dir='ltr'>obsecrari,</span> <span class='ocrx_word' id='word_1_39' title='bbox 611 869 647 924; x_wconf 94' lang='lat' dir='ltr'>ut</span> <span class='ocrx_word' id='word_1_40' title='bbox 657 864 740 924; x_wconf 90' lang='lat' dir='ltr'>viam</span> <span class='ocrx_word' id='word_1_41' title='bbox 755 865 893 943; x_wconf 82' lang='lat' dir='ltr'>aliquam</span> <span class='ocrx_word' id='word_1_42' title='bbox 905 867 943 924; x_wconf 90' lang='lat' dir='ltr'>ad</span> <span class='ocrx_word' id='word_1_43' title='bbox 959 866 1046 925; x_wconf 82' lang='lat' dir='ltr'>odiu·</span> 
     </span>
     <span class='ocr_line' id='line_1_7' title="bbox 79 958 1118 1037; baseline 0.002 -19"><span class='ocrx_word' id='word_1_44' title='bbox 79 960 196 1018; x_wconf 79' lang='lat' dir='ltr'>vandos</span> <span class='ocrx_word' id='word_1_45' title='bbox 217 958 444 1019; x_wconf 87' lang='lat' dir='ltr'>ecclesiasticos</span> <span class='ocrx_word' id='word_1_46' title='bbox 465 977 484 1018; x_wconf 90' lang='lat' dir='ltr'>a</span> <span class='ocrx_word' id='word_1_47' title='bbox 505 959 591 1018; x_wconf 86' lang='lat' dir='ltr'>vobis</span> <span class='ocrx_word' id='word_1_48' title='bbox 613 961 843 1020; x_wconf 87' lang='lat' dir='ltr'>commendatos</span> <span class='ocrx_word' id='word_1_49' title='bbox 860 960 959 1022; x_wconf 92' lang='lat' dir='ltr'>Nobis</span> <span class='ocrx_word' id='word_1_50' title='bbox 980 959 1046 1037; x_wconf 90' lang='lat' dir='ltr'>ipse</span> <span class='ocrx_word' id='word_1_51' title='bbox 1116 989 1118 992; x_wconf 95' lang='lat'>·</span> 
     </span>
     <span class='ocr_line' id='line_1_8' title="bbox 75 1051 1043 1131; baseline 0.003 -21"><span class='ocrx_word' id='word_1_52' title='bbox 75 1051 217 1128; x_wconf 89' lang='lat' dir='ltr'>aperiat,</span> <span class='ocrx_word' id='word_1_53' title='bbox 229 1071 289 1129; x_wconf 90' lang='lat' dir='ltr'>qno</span> <span class='ocrx_word' id='word_1_54' title='bbox 297 1053 423 1116; x_wconf 89' lang='lat' dir='ltr'>Nostris</span> <span class='ocrx_word' id='word_1_55' title='bbox 437 1051 616 1129; x_wconf 85' lang='lat' dir='ltr'>vestrisque</span> <span class='ocrx_word' id='word_1_56' title='bbox 629 1052 713 1112; x_wconf 84' lang='lat' dir='ltr'>rotis</span> <span class='ocrx_word' id='word_1_57' title='bbox 727 1052 855 1131; x_wconf 88' lang='lat' dir='ltr'>obsequi</span> <span class='ocrx_word' id='word_1_58' title='bbox 870 1054 1043 1114; x_wconf 85' lang='lat' dir='ltr'>valeamus.</span> 
     </span>
     <span class='ocr_line' id='line_1_9' title="bbox 76 1131 1047 1225; baseline 0 -21"><span class='ocrx_word' id='word_1_59' title='bbox 76 1144 236 1222; x_wconf 80' lang='lat' dir='ltr'>Vobisqne</span> <span class='ocrx_word' id='word_1_60' title='bbox 246 1131 373 1223; x_wconf 51' lang='lat' dir='ltr'>&#39;semper</span> <span class='ocrx_word' id='word_1_61' title='bbox 388 1145 536 1206; x_wconf 89' lang='lat' dir='ltr'>uberiora</span> <span class='ocrx_word' id='word_1_62' title='bbox 549 1145 650 1206; x_wconf 86' lang='lat' dir='ltr'>divini</span> <span class='ocrx_word' id='word_1_63' title='bbox 661 1145 799 1223; x_wconf 77' lang='lat' dir='ltr'>Spiritus</span> <span class='ocrx_word' id='word_1_64' title='bbox 811 1165 830 1207; x_wconf 92' lang='lat' dir='ltr'>a</span> <span class='ocrx_word' id='word_1_65' title='bbox 841 1150 903 1206; x_wconf 89' lang='lat' dir='ltr'>Deo</span> <span class='ocrx_word' id='word_1_66' title='bbox 918 1164 1047 1225; x_wconf 86' lang='lat' dir='ltr'>precan-</span> 
     </span>
     <span class='ocr_line' id='line_1_10' title="bbox 75 1239 1046 1316; baseline 0 -16"><span class='ocrx_word' id='word_1_67' title='bbox 75 1241 137 1312; x_wconf 86' lang='lat' dir='ltr'>tes,</span> <span class='ocrx_word' id='word_1_68' title='bbox 153 1239 189 1298; x_wconf 91' lang='lat' dir='ltr'>in</span> <span class='ocrx_word' id='word_1_69' title='bbox 204 1239 375 1316; x_wconf 84' lang='lat' dir='ltr'>singularis</span> <span class='ocrx_word' id='word_1_70' title='bbox 396 1245 546 1316; x_wconf 89' lang='lat' dir='ltr'>paternae</span> <span class='ocrx_word' id='word_1_71' title='bbox 568 1239 803 1299; x_wconf 87' lang='lat' dir='ltr'>benevolentiae</span> <span class='ocrx_word' id='word_1_72' title='bbox 824 1243 1046 1316; x_wconf 85' lang='lat' dir='ltr'>argumentum</span> 
     </span>
     <span class='ocr_line' id='line_1_11' title="bbox 74 1332 1041 1409; baseline 0.002 -17"><span class='ocrx_word' id='word_1_73' title='bbox 74 1332 284 1409; x_wconf 81' lang='lat' dir='ltr'>apostolicam</span> <span class='ocrx_word' id='word_1_74' title='bbox 318 1333 564 1393; x_wconf 78' lang='lat' dir='ltr'>benedictionem</span> <span class='ocrx_word' id='word_1_75' title='bbox 595 1337 795 1408; x_wconf 79' lang='lat' dir='ltr'>peramanter</span> <span class='ocrx_word' id='word_1_76' title='bbox 829 1333 1041 1408; x_wconf 82' lang='lat' dir='ltr'>impertimur.</span> 
     </span>
    </p>

    <p class='ocr_par' dir='ltr' id='par_1_2' title="bbox 76 1423 1045 1580">
     <span class='ocr_line' id='line_1_12' title="bbox 137 1423 1045 1498; baseline -0.003 -12"><span class='ocrx_word' id='word_1_77' title='bbox 137 1427 255 1486; x_wconf 86' lang='lat' dir='ltr'>Datum</span> <span class='ocrx_word' id='word_1_78' title='bbox 266 1429 395 1498; x_wconf 87' lang='lat' dir='ltr'>Romae,</span> <span class='ocrx_word' id='word_1_79' title='bbox 407 1427 456 1484; x_wconf 92' lang='lat' dir='ltr'>die</span> <span class='ocrx_word' id='word_1_80' title='bbox 470 1427 562 1485; x_wconf 89' lang='lat' dir='ltr'>XXII</span> <span class='ocrx_word' id='word_1_81' title='bbox 576 1423 715 1486; x_wconf 88' lang='lat' dir='ltr'>ianuarii</span> <span class='ocrx_word' id='word_1_82' title='bbox 727 1425 946 1496; x_wconf 83' lang='lat' dir='ltr'>MDOOXOIV,</span> <span class='ocrx_word' id='word_1_83' title='bbox 963 1427 1045 1485; x_wconf 89' lang='lat' dir='ltr'>Pon-</span> 
     </span>
     <span class='ocr_line' id='line_1_13' title="bbox 76 1504 545 1580; baseline -0.002 -1"><span class='ocrx_word' id='word_1_84' title='bbox 76 1518 219 1580; x_wconf 78' lang='lat' dir='ltr'>tificatus</span> <span class='ocrx_word' id='word_1_85' title='bbox 240 1504 349 1580; x_wconf 83' lang='lat' dir='ltr'>Nostri</span> <span class='ocrx_word' id='word_1_86' title='bbox 371 1537 451 1580; x_wconf 91' lang='lat' dir='ltr'>anno</span> <span class='ocrx_word' id='word_1_87' title='bbox 473 1519 545 1578; x_wconf 87' lang='lat' dir='ltr'>XX.</span> 
     </span>
    </p>
   </div>
   <div class='ocr_carea' id='block_1_2' title="bbox 397 1660 731 1824">
    <p class='ocr_par' dir='ltr' id='par_1_3' title="bbox 397 1660 731 1824">
     <span class='ocr_line' id='line_1_14' title="bbox 502 1660 612 1719; baseline 0.045 -5"><span class='ocrx_word' id='word_1_88' title='bbox 502 1660 612 1719; x_wconf 75' lang='lat' dir='ltr'>xxi·</span> 
     </span>
     <span class='ocr_line' id='line_1_15' title="bbox 397 1780 731 1824; baseline 0.003 -1"><span class='ocrx_word' id='word_1_89' title='bbox 397 1781 591 1824; x_wconf 79' lang='lat' dir='ltr'>vnnnaaamr</span> <span class='ocrx_word' id='word_1_90' title='bbox 611 1780 731 1824; x_wconf 76' lang='lat' dir='ltr'>suanm</span> 
     </span>
    </p>
   </div>
   <div class='ocr_carea' id='block_1_3' title="bbox 405 1896 729 2104">
    <p class='ocr_par' dir='ltr' id='par_1_4' title="bbox 405 1896 729 2104">
     <span class='ocr_line' id='line_1_16' title="bbox 444 1896 680 1957; baseline -0.013 0"><span class='ocrx_word' id='word_1_91' title='bbox 444 1898 472 1957; x_wconf 96' lang='lat' dir='ltr'>U</span> <span class='ocrx_word' id='word_1_92' title='bbox 486 1898 515 1956; x_wconf 83' lang='lat' dir='ltr'><strong>R</strong></span> <span class='ocrx_word' id='word_1_93' title='bbox 528 1897 554 1955; x_wconf 95' lang='lat' dir='ltr'><strong>B</strong></span> <span class='ocrx_word' id='word_1_94' title='bbox 568 1896 596 1955; x_wconf 89' lang='lat' dir='ltr'>A</span> <span class='ocrx_word' id='word_1_95' title='bbox 610 1896 639 1956; x_wconf 94' lang='lat' dir='ltr'>N</span> <span class='ocrx_word' id='word_1_96' title='bbox 653 1897 680 1954; x_wconf 92' lang='grc' dir='ltr'>Ο</span> 
     </span>
     <span class='ocr_line' id='line_1_17' title="bbox 405 2025 729 2104; baseline 0.003 -19"><span class='ocrx_word' id='word_1_97' title='bbox 405 2025 564 2104; x_wconf 79' lang='lat' dir='ltr'>Episcopo</span> <span class='ocrx_word' id='word_1_98' title='bbox 595 2026 729 2086; x_wconf 76' lang='lat' dir='ltr'>Dolecsi</span> 
     </span>
    </p>
   </div>
   <div class='ocr_carea' id='block_1_4' title="bbox 292 2150 834 2231">
    <p class='ocr_par' dir='ltr' id='par_1_5' title="bbox 292 2150 834 2248">
     <span class='ocr_line' id='line_1_18' title="bbox 292 2150 834 2231; baseline -0.004 0"><span class='ocrx_word' id='word_1_99' title='bbox 292 2150 465 2231; x_wconf 76' lang='lat' dir='ltr'>rius</span> <span class='ocrx_word' id='word_1_100' title='bbox 519 2151 834 2230; x_wconf 83' lang='lat' dir='ltr'><strong>PAPAVI.</strong></span> 
     </span>
    </p>
   </div>
   <div class='ocr_carea' id='block_1_5' title="bbox 202 2312 927 2470">
    <p class='ocr_par' dir='ltr' id='par_1_6' title="bbox 202 2312 927 2470">
     <span class='ocr_line' id='line_1_19' title="bbox 202 2312 927 2384; baseline 0.003 -12"><span class='ocrx_word' id='word_1_101' title='bbox 202 2315 290 2372; x_wconf 83' lang='lat' dir='ltr'>ven.</span> <span class='ocrx_word' id='word_1_102' title='bbox 315 2315 448 2384; x_wconf 76' lang='lat' dir='ltr'>Frater,</span> <span class='ocrx_word' id='word_1_103' title='bbox 463 2313 615 2372; x_wconf 77' lang='lat' dir='ltr'>Salutem</span> <span class='ocrx_word' id='word_1_104' title='bbox 638 2317 673 2371; x_wconf 89' lang='lat' dir='ltr'>et</span> <span class='ocrx_word' id='word_1_105' title='bbox 693 2312 927 2384; x_wconf 83' lang='lat' dir='ltr'>Apostolicam</span> 
     </span>
     <span class='ocr_line' id='line_1_20' title="bbox 434 2411 731 2470; baseline 0 -1"><span class='ocrx_word' id='word_1_106' title='bbox 434 2411 731 2470; x_wconf 87' lang='lat' dir='ltr'>Benedictionem.</span> 
     </span>
    </p>
   </div>
   <div class='ocr_carea' id='block_1_6' title="bbox 75 2535 1051 3552">
    <p class='ocr_par' dir='ltr' id='par_1_7' title="bbox 75 2535 1051 3552">
     <span class='ocr_line' id='line_1_21' title="bbox 139 2535 1046 2614; baseline -0.003 -13"><span class='ocrx_word' id='word_1_107' title='bbox 139 2541 191 2601; x_wconf 82' lang='lat' dir='ltr'>Ex</span> <span class='ocrx_word' id='word_1_108' title='bbox 203 2537 324 2600; x_wconf 87' lang='lat' dir='ltr'>litteris</span> <span class='ocrx_word' id='word_1_109' title='bbox 334 2538 372 2597; x_wconf 88' lang='lat' dir='ltr'>ad</span> <span class='ocrx_word' id='word_1_110' title='bbox 388 2537 600 2597; x_wconf 88' lang='lat' dir='ltr'>venerabilem</span> <span class='ocrx_word' id='word_1_111' title='bbox 609 2537 759 2596; x_wconf 81' lang='lat' dir='ltr'>Fratrem</span> <span class='ocrx_word' id='word_1_112' title='bbox 772 2535 1046 2614; x_wconf 87' lang='lat' dir='ltr'>Archiepisccpum</span> 
     </span>
     <span class='ocr_line' id='line_1_22' title="bbox 76 2629 1048 2697; baseline -0.005 0"><span class='ocrx_word' id='word_1_113' title='bbox 76 2635 314 2697; x_wconf 89' lang='lat' dir='ltr'>Damiatensem</span> <span class='ocrx_word' id='word_1_114' title='bbox 326 2633 479 2694; x_wconf 91' lang='lat' dir='ltr'>Nostrum</span> <span class='ocrx_word' id='word_1_115' title='bbox 495 2629 651 2692; x_wconf 88' lang='lat' dir='ltr'>Nuntium</span> <span class='ocrx_word' id='word_1_116' title='bbox 665 2632 703 2690; x_wconf 91' lang='lat' dir='ltr'>ad</span> <span class='ocrx_word' id='word_1_117' title='bbox 716 2631 866 2690; x_wconf 82' lang='lat' dir='ltr'>Tranium</span> <span class='ocrx_word' id='word_1_118' title='bbox 877 2630 979 2690; x_wconf 88' lang='lat' dir='ltr'>Rheni</span> <span class='ocrx_word' id='word_1_119' title='bbox 994 2631 1048 2692; x_wconf 86' lang='lat' dir='ltr'>abs</span> 
     </span>
     <span class='ocr_line' id='line_1_23' title="bbox 76 2722 1049 2800; baseline -0.005 -11"><span class='ocrx_word' id='word_1_120' title='bbox 76 2731 112 2789; x_wconf 90' lang='lat' dir='ltr'>te</span> <span class='ocrx_word' id='word_1_121' title='bbox 128 2728 214 2788; x_wconf 91' lang='lat' dir='ltr'>datis</span> <span class='ocrx_word' id='word_1_122' title='bbox 228 2727 278 2786; x_wconf 87' lang='lat' dir='ltr'>dia</span> <span class='ocrx_word' id='word_1_123' title='bbox 292 2727 332 2787; x_wconf 81' lang='lat'>28</span> <span class='ocrx_word' id='word_1_124' title='bbox 347 2724 525 2785; x_wconf 87' lang='lat' dir='ltr'>novembris</span> <span class='ocrx_word' id='word_1_125' title='bbox 539 2723 704 2800; x_wconf 88' lang='lat' dir='ltr'>praeteriti</span> <span class='ocrx_word' id='word_1_126' title='bbox 727 2723 813 2796; x_wconf 93' lang='lat' dir='ltr'>anni,</span> <span class='ocrx_word' id='word_1_127' title='bbox 829 2726 862 2782; x_wconf 89' lang='lat' dir='ltr'>et</span> <span class='ocrx_word' id='word_1_128' title='bbox 875 2740 915 2782; x_wconf 87' lang='lat' dir='ltr'>ex</span> <span class='ocrx_word' id='word_1_129' title='bbox 928 2722 1049 2784; x_wconf 89' lang='lat' dir='ltr'>litteris</span> 
     </span>
     <span class='ocr_line' id='line_1_24' title="bbox 75 2816 1048 2892; baseline -0.006 -10"><span class='ocrx_word' id='word_1_130' title='bbox 75 2822 179 2882; x_wconf 87' lang='lat' dir='ltr'>etiam</span> <span class='ocrx_word' id='word_1_131' title='bbox 194 2839 214 2880; x_wconf 91' lang='lat' dir='ltr'>a</span> <span class='ocrx_word' id='word_1_132' title='bbox 227 2821 342 2880; x_wconf 86' lang='lat' dir='ltr'>dilecto</span> <span class='ocrx_word' id='word_1_133' title='bbox 359 2819 425 2878; x_wconf 88' lang='lat' dir='ltr'>tilio</span> <span class='ocrx_word' id='word_1_134' title='bbox 446 2817 628 2878; x_wconf 82' lang='lat' dir='ltr'>marchione</span> <span class='ocrx_word' id='word_1_135' title='bbox 650 2821 687 2878; x_wconf 92' lang='lat' dir='ltr'>de</span> <span class='ocrx_word' id='word_1_136' title='bbox 708 2821 849 2892; x_wconf 81' lang='lat' dir='ltr'>Dresnay</span> <span class='ocrx_word' id='word_1_137' title='bbox 865 2816 901 2874; x_wconf 89' lang='lat' dir='ltr'>ad</span> <span class='ocrx_word' id='word_1_138' title='bbox 917 2817 1048 2876; x_wconf 88' lang='lat' dir='ltr'>eundem</span> 
     </span>
     <span class='ocr_line' id='line_1_25' title="bbox 75 2908 1047 2989; baseline -0.009 -10"><span class='ocrx_word' id='word_1_139' title='bbox 75 2914 238 2979; x_wconf 90' lang='lat' dir='ltr'>Nuntium</span> <span class='ocrx_word' id='word_1_140' title='bbox 254 2917 302 2974; x_wconf 91' lang='lat' dir='ltr'>die</span> <span class='ocrx_word' id='word_1_141' title='bbox 323 2914 361 2974; x_wconf 79' lang='lat'>21</span> <span class='ocrx_word' id='word_1_142' title='bbox 377 2911 512 2989; x_wconf 85' lang='lat' dir='ltr'>proximi</span> <span class='ocrx_word' id='word_1_143' title='bbox 532 2911 648 2971; x_wconf 84' lang='lat' dir='ltr'>mensis</span> <span class='ocrx_word' id='word_1_144' title='bbox 663 2909 835 2970; x_wconf 76' lang='lat' dir='ltr'>decembris</span> <span class='ocrx_word' id='word_1_145' title='bbox 849 2908 1047 2986; x_wconf 79' lang='lat' dir='ltr'>conscriptis,</span> 
     </span>
     <span class='ocr_line' id='line_1_26' title="bbox 76 3001 1048 3081; baseline -0.006 -11"><span class='ocrx_word' id='word_1_146' title='bbox 76 3014 114 3070; x_wconf 88' lang='lat' dir='ltr'>et</span> <span class='ocrx_word' id='word_1_147' title='bbox 134 3009 235 3072; x_wconf 91' lang='lat' dir='ltr'>Nobis</span> <span class='ocrx_word' id='word_1_148' title='bbox 255 3025 274 3066; x_wconf 90' lang='lat' dir='ltr'>a</span> <span class='ocrx_word' id='word_1_149' title='bbox 292 3006 414 3068; x_wconf 92' lang='lat' dir='ltr'>Nuntio</span> <span class='ocrx_word' id='word_1_150' title='bbox 435 3005 501 3081; x_wconf 94' lang='lat' dir='ltr'>ipso</span> <span class='ocrx_word' id='word_1_151' title='bbox 524 3023 585 3064; x_wconf 88' lang='lat' dir='ltr'>una</span> <span class='ocrx_word' id='word_1_152' title='bbox 606 3019 679 3062; x_wconf 92' lang='lat' dir='ltr'>cum</span> <span class='ocrx_word' id='word_1_153' title='bbox 700 3003 863 3080; x_wconf 88' lang='lat' dir='ltr'>praeclara</span> <span class='ocrx_word' id='word_1_154' title='bbox 884 3001 1048 3078; x_wconf 87' lang='lat' dir='ltr'>utriusque</span> 
     </span>
     <span class='ocr_line' id='line_1_27' title="bbox 76 3095 1049 3174; baseline -0.01 -8"><span class='ocrx_word' id='word_1_155' title='bbox 76 3105 176 3166; x_wconf 90' lang='lat' dir='ltr'>lande</span> <span class='ocrx_word' id='word_1_156' title='bbox 205 3099 465 3171; x_wconf 90' lang='lat' dir='ltr'>communicatis,</span> <span class='ocrx_word' id='word_1_157' title='bbox 494 3097 711 3158; x_wconf 87' lang='lat' dir='ltr'>intelleximus</span> <span class='ocrx_word' id='word_1_158' title='bbox 742 3114 802 3156; x_wconf 94' lang='lat' dir='ltr'>non</span> <span class='ocrx_word' id='word_1_159' title='bbox 832 3095 1049 3174; x_wconf 82' lang='lat' dir='ltr'>sineingenti</span> 
     </span>
     <span class='ocr_line' id='line_1_28' title="bbox 78 3190 1049 3270; baseline -0.009 -11"><span class='ocrx_word' id='word_1_160' title='bbox 78 3197 181 3260; x_wconf 89' lang='lat' dir='ltr'>animi</span> <span class='ocrx_word' id='word_1_161' title='bbox 197 3194 299 3256; x_wconf 92' lang='lat' dir='ltr'>nostri</span> <span class='ocrx_word' id='word_1_162' title='bbox 320 3193 497 3270; x_wconf 88' lang='lat' dir='ltr'>voluptate,</span> <span class='ocrx_word' id='word_1_163' title='bbox 514 3191 708 3268; x_wconf 90' lang='lat' dir='ltr'>praedictum</span> <span class='ocrx_word' id='word_1_164' title='bbox 731 3191 943 3250; x_wconf 85' lang='lat' dir='ltr'>marchionem</span> <span class='ocrx_word' id='word_1_165' title='bbox 964 3190 1049 3251; x_wconf 92' lang='lat' dir='ltr'>dele·</span> 
     </span>
     <span class='ocr_line' id='line_1_29' title="bbox 78 3283 1049 3362; baseline -0.008 -10"><span class='ocrx_word' id='word_1_166' title='bbox 78 3294 170 3352; x_wconf 87' lang='lat' dir='ltr'>otum</span> <span class='ocrx_word' id='word_1_167' title='bbox 191 3288 287 3348; x_wconf 84' lang='lat' dir='ltr'>fuisse</span> <span class='ocrx_word' id='word_1_168' title='bbox 309 3287 346 3346; x_wconf 89' lang='lat' dir='ltr'>ad</span> <span class='ocrx_word' id='word_1_169' title='bbox 368 3285 566 3362; x_wconf 78' lang='lat' dir='ltr'>imperandos</span> <span class='ocrx_word' id='word_1_170' title='bbox 586 3283 814 3344; x_wconf 89' lang='lat' dir='ltr'>catholicorum</span> <span class='ocrx_word' id='word_1_171' title='bbox 835 3289 868 3345; x_wconf 93' lang='lat' dir='ltr'>et</span> <span class='ocrx_word' id='word_1_172' title='bbox 888 3284 1049 3362; x_wconf 83' lang='lat' dir='ltr'>regiorum</span> 
     </span>
     <span class='ocr_line' id='line_1_30' title="bbox 78 3375 1051 3458; baseline -0.012 -12"><span class='ocrx_word' id='word_1_173' title='bbox 78 3383 224 3446; x_wconf 89' lang='lat' dir='ltr'>miiitum</span> <span class='ocrx_word' id='word_1_174' title='bbox 236 3379 352 3458; x_wconf 89' lang='lat' dir='ltr'>copias,</span> <span class='ocrx_word' id='word_1_175' title='bbox 365 3381 400 3440; x_wconf 91' lang='lat' dir='ltr'>et</span> <span class='ocrx_word' id='word_1_176' title='bbox 411 3381 450 3438; x_wconf 93' lang='lat' dir='ltr'>ad</span> <span class='ocrx_word' id='word_1_177' title='bbox 461 3378 666 3438; x_wconf 83' lang='lat' dir='ltr'>exercendam</span> <span class='ocrx_word' id='word_1_178' title='bbox 678 3394 800 3437; x_wconf 91' lang='lat' dir='ltr'>omnem</span> <span class='ocrx_word' id='word_1_179' title='bbox 811 3377 900 3436; x_wconf 91' lang='lat' dir='ltr'>illam</span> <span class='ocrx_word' id='word_1_180' title='bbox 911 3375 1051 3438; x_wconf 86' lang='lat' dir='ltr'>auctori-</span> 
     </span>
     <span class='ocr_line' id='line_1_31' title="bbox 79 3470 1048 3552; baseline -0.013 -13"><span class='ocrx_word' id='word_1_181' title='bbox 79 3481 197 3550; x_wconf 89' lang='lat' dir='ltr'>tatem,</span> <span class='ocrx_word' id='word_1_182' title='bbox 213 3493 275 3552; x_wconf 91' lang='lat' dir='ltr'>qna</span> <span class='ocrx_word' id='word_1_183' title='bbox 284 3491 361 3552; x_wconf 90' lang='lat' dir='ltr'>opus</span> <span class='ocrx_word' id='word_1_184' title='bbox 373 3476 421 3534; x_wconf 89' lang='lat' dir='ltr'>est</span> <span class='ocrx_word' id='word_1_185' title='bbox 432 3473 470 3532; x_wconf 91' lang='lat' dir='ltr'>ad</span> <span class='ocrx_word' id='word_1_186' title='bbox 482 3471 760 3550; x_wconf 85' lang='lat' dir='ltr'>redintegrandum</span> <span class='ocrx_word' id='word_1_187' title='bbox 776 3488 881 3530; x_wconf 87' lang='lat' dir='ltr'>rerum</span> <span class='ocrx_word' id='word_1_188' title='bbox 896 3470 1048 3540; x_wconf 87' lang='lat' dir='ltr'>ordinem,</span> 
     </span>
    </p>
   </div>
   <div class='ocr_carea' id='block_1_7' title="bbox 80 3568 990 3651">
    <p class='ocr_par' dir='ltr' id='par_1_8' title="bbox 80 3568 990 3651">
     <span class='ocr_line' id='line_1_32' title="bbox 80 3568 990 3651; baseline -0.01 -15"><span class='ocrx_word' id='word_1_189' title='bbox 80 3579 115 3636; x_wconf 90' lang='lat' dir='ltr'>et</span> <span class='ocrx_word' id='word_1_190' title='bbox 134 3573 300 3651; x_wconf 89' lang='lat' dir='ltr'>antiquam</span> <span class='ocrx_word' id='word_1_191' title='bbox 314 3569 497 3650; x_wconf 83' lang='lat' dir='ltr'>provinciae</span> <span class='ocrx_word' id='word_1_192' title='bbox 516 3569 701 3632; x_wconf 89' lang='lat' dir='ltr'>Britanniae</span> <span class='ocrx_word' id='word_1_193' title='bbox 715 3568 990 3630; x_wconf 89' lang='lat' dir='ltr'>constitutionem.</span> 
     </span>
    </p>
   </div>
   <div class='ocr_carea' id='block_1_8' title="bbox 0 0 1310 4268">
    <p class='ocr_par' dir='ltr' id='par_1_9' title="bbox 0 0 1310 4268">
     <span class='ocr_line' id='line_1_33' title="bbox 0 0 1310 4268; baseline 0 0"><span class='ocrx_word' id='word_1_194' title='bbox 0 0 1310 4268; x_wconf 95' lang='lat' dir='ltr'> </span> 
     </span>
    </p>
   </div>
  </div>
 </body>
</html>
