2606 4268
438 351 475 362 -
500 317 557 376 123
578 349 615 362 -

49 423 225 498 respondet,
248 425 300 483 sed
322 441 443 482 omnem
465 424 560 483 animi
583 423 631 483 sui
653 425 799 486 fiduciam
820 428 854 485 et
875 424 1007 501 spemin

50 514 200 592 religione
222 520 255 576 et
277 518 444 594 prudentia
465 521 521 578 tua
541 519 685 579 collocat.

104 611 222 670 Romae
245 610 321 670 XIX
343 602 538 687 Septembris
559 613 762 673 MDGOXOV.

287 704 289 709 '
495 791 497 798 Ι
519 701 557 763 F.
581 703 621 763 X.
646 701 744 764 Cerci.
768 703 807 764 de
827 703 964 764 Zeiodc.

437 903 618 961 xxxvl.

375 1023 462 1066 nove
483 1025 679 1068 seoaoenrro

226 1154 509 1220 FAOULTATUM
530 1157 827 1219 OONOESSARUM

434 1308 457 1354 e
474 1307 517 1353 ss.
535 1309 566 1354 u.
583 1308 614 1354 u.
665 1323 666 1328 κ

353 1437 437 1516 PlO
464 1440 603 1518 ΡΑΡΑ
631 1441 697 1518 Vl.

51 1613 323 1692 Arcisiepiscopis‚
353 1616 538 1694 Episcopis,
567 1636 604 1678 uc
628 1619 828 1680 Dioecesium
851 1616 1008 1676 Admini-

104 1711 301 1769 stratoribuo
316 1711 423 1785 Repeti
440 1709 642 1784 Galliarum,
658 1730 717 1773 uec
735 1731 802 1772 nou
815 1713 1006 1783 Aveniouir,

105 1811 135 1862 et
157 1801 339 1866 Comitatus
365 1805 553 1879 Veucisiui,
576 1805 780 1880 Sciendum,
807 1809 1009 1882 aliorumque

106 1900 260 1970 nurum,
276 1916 361 1976 puae
377 1904 595 1977 persecutioni
615 1910 692 1960 suut
712 1901 865 1960 obuouio.

103 2095 221 2156 lisdem
237 2096 512 2173 perseverantibus
527 2096 636 2169 melis,
653 2083 849 2156 eudem'sunt
862 2093 1009 2154 adhiben-

53 2190 87 2250 da
105 2191 257 2250 remedie.
275 2191 350 2250 Cum
373 2191 473 2268 igitur
494 2191 524 2248 in
547 2207 643 2267 regno
665 2189 858 2262 Galliarum,
873 2187 1008 2249 Avenie-

52 2301 97 2357 ne,
112 2284 143 2342 in
155 2284 312 2344 comitatu
327 2285 515 2356 Veneisino,
531 2283 563 2341 in
579 2282 744 2355 Sebeudia,
761 2283 893 2359 aliisque
908 2281 1005 2341 'etiam

51 2376 132 2452 locis,
156 2377 211 2436 ubi
234 2376 341 2436 fideles
371 2363 525 2454 legitimis
549 2378 735 2437 Pastoribus
765 2376 1006 2446 destituuntur,

52 2489 100 2530 nec
120 2474 254 2549 possunt
280 2459 398 2550 absque
422 2471 513 2548 gravi
540 2472 719 2532 discrimine
748 2474 780 2530 et
816 2469 1006 2529 incommodo

52 2565 132 2625 edire
154 2568 235 2625 hanc
257 2567 458 2643 apostolicam
481 2567 602 2639 Sedem,
619 2569 792 2644 perdurent
813 2567 912 2626 adhuc
933 2565 1007 2623 illae

52 2658 278 2720 infelicissimae
307 2659 588 2734 circumstantiae,
616 2661 654 2720 ob
681 2678 757 2737 ques
785 2658 1007 2718 sanctissimus

51 2751 193 2812 Dominus
208 2753 331 2813 ‘Noster
353 2753 504 2829 praefatis
522 2753 775 2829 archiepiscopis,
791 2749 955 2828 episcopis,
972 2767 1007 2808 ao

53 2845 230 2906 dioecesium
253 2847 561 2908 administratoribus
581 2849 696 2921 varias,
719 2863 831 2922 easque
852 2843 1008 2920 amplissi-

52 2955 111 2998 mas
131 2947 164 3000 et
186 2940 459 3002 extraordinarias
486 2941 655 3001 facultates
681 2938 848 3009 concessit,
872 2937 1006 3013 quaein

53 3033 305 3111 subsequentibus
327 3035 462 3094 lndultis
489 3035 609 3092 dierum
641 3033 679 3093 10
705 3031 886 3092 Decembris
910 3031 1006 3103 1792,

54 3125 86 3184 16
105 3127 284 3189 Decembris
307 3127 388 3186 1793
405 3130 439 3188 et
462 3127 500 3188 15
520 3126 698 3188 Decembris
722 3126 799 3186 1794
820 3129 1008 3202 prorogatae

53 3217 188 3293 luerunt3
210 3221 316 3279 eadem
339 3220 498 3282 Sanctitas
519 3221 592 3292 Sua,
609 3221 658 3280 cui
673 3219 849 3296 spiritualis
869 3217 1006 3278 fidelium

53 3310 207 3372 Pesiorali
228 3313 294 3370 eius
326 3307 419 3374 curae
447 3313 697 3373 concreditorum
721 3314 845 3374 utilitas
875 3329 1008 3373 summo·

54 3419 120 3478 pere
141 3405 228 3464 cordi
250 3408 321 3478 est,
338 3423 406 3464 cum
429 3403 649 3483 spiritualibus
670 3423 777 3466 eorum
799 3405 1006 3482 indigentiis,

55 3513 85 3555 eo
103 3499 237 3559 meliori
252 3501 342 3560 modo
363 3518 422 3577 quo
444 3500 514 3560 fleri
536 3505 652 3577 potest,
668 3500 843 3560 consultum
866 3517 933 3558 esse
955 3517 1008 3556 ve·

54 3588 101 3664 lit,
116 3609 197 3652 novo
219 3593 275 3652 boc
289 3593 416 3653 Indulto
436 3593 579 3654 concedit
592 3593 742 3670 praefatis
756 3590 1006 3670 archiepiscopis,
