2606 4268
48 387 260 465 indulgentias
281 389 344 450 iam
364 407 543 451 concessas:
567 392 635 464 tum
657 387 754 450 etiam
775 386 919 465 praefata
938 390 1010 464 post

48 481 245 542 Pontifloiam
266 483 521 543 Benedictionem
550 482 645 542 vendi
667 500 726 542 non
753 481 896 559 possint,
918 479 1010 540 iuxta

48 573 283 652 dispositionem
303 575 433 638 Decreta·
458 575 578 638 Sacrae
602 573 872 652 coaqreaatioais
899 573 1011 633 saaca-

49 669 236 742 amtiaram
267 678 299 730 et
330 669 506 732 Sacrorum
533 671 785 748 Reliquiaram,
812 667 891 727 editi
910 664 1010 726 aaa

49 759 140 820 lamii
161 759 260 824 1⁷21.
307 797 308 800 =

104 855 237 932 Insuper
257 857 415 930 Sanctitas
438 858 502 918 Sua
522 857 688 926 confirmat
707 857 874 926 Decretum
889 854 945 930 fel.
958 868 1011 912 re·

50 945 130 1006 cord.
146 939 321 1010 Benedicti
334 940 419 1008 XIV
430 951 485 1010 aad
501 951 616 1010 datum
629 947 687 1010 die
697 945 738 1006 19
753 947 896 1024 Aaqmti
912 943 1007 1018 1752,

50 1059 103 1117 quo
123 1062 273 1122 expresse
296 1049 437 1108 declarat
452 1048 578 1108 Missam
592 1049 630 1109 ad
652 1047 755 1107 altare
770 1045 815 1124 (in
830 1062 890 1122 quo
903 1042 1011 1119 aliqua

49 1151 85 1193 ex
110 1137 264 1213 praelatis
292 1141 359 1200 sive
387 1140 559 1214 crucifixi,
582 1140 650 1200 sive
670 1137 877 1201 Numismatis
907 1135 1010 1214 imago

50 1246 167 1307 quoquo
189 1235 281 1294 modo
302 1233 456 1296 collocata
477 1234 587 1313 fuerit)
609 1235 720 1307 lectas,
734 1231 802 1292 sivo
816 1246 835 1290 a
848 1231 1010 1290 sacerdote

49 1319 223 1385 huiusmodi
239 1327 407 1406 imaginem
426 1347 530 1389 secum
552 1327 685 1389 habente
699 1326 886 1396 celebratas,
903 1322 1011 1399 vigore

50 1411 146 1476 dictae
168 1418 328 1498 imaginis,
351 1422 439 1483 nullo
461 1439 588 1500 prorsus
611 1419 745 1499 gaudere
767 1417 948 1498 privilegio.

105 1507 277 1573 Praeterea
290 1518 393 1588 vetat,
409 1533 447 1574 ne
469 1515 644 1592 quisquam,
660 1531 749 1590 quem
765 1509 898 1571 infirmis
912 1499 1013 1568 monti

52 1602 200 1672 proximis
220 1605 368 1667 assistere
394 1607 584 1685 contigerit,
607 1607 853 1668 benedictionem
874 1619 944 1663 cum
965 1601 1014 1660 in·

53 1693 212 1771 dulgentia
226 1698 416 1775 plenariam
437 1701 573 1760 articulo
588 1697 698 1759 mortis
709 1697 819 1777 vigore
835 1687 1013 1756 huiusmodi

53 1785 204 1867 imaginis,
226 1791 292 1853 illis
312 1791 472 1871 impertiri
494 1797 608 1854 audeat
628 1793 695 1854 sine
717 1791 845 1870 speciali
859 1790 1012 1851 facultate

53 1879 223 1962 inscriptis
244 1886 385 1961 obtenta,
402 1888 546 1965 quoniam
567 1889 606 1948 ad
628 1883 805 1947 huiusmodi
819 1886 962 1945 effectum
977 1875 1010 1944 in

54 1973 280 2040 Constitutione
288 1980 461 2043 Benedicti
477 1981 527 2040 XI
533 1979 714 2058 Vinoipien.
725 1979 791 2039 Pia
801 1977 920 2051 Mater,
934 1978 1012 2039 satis

54 2067 207 2140 provisum
229 2071 291 2133 iam
311 2073 385 2136 fait.

108 2163 163 2223 Ea
183 2169 319 2242 speciali
332 2171 529 2228 auctoritate
541 2186 562 2227 a
571 2167 783 2228 sanctissimo
798 2163 935 2226 Domino
949 2155 1013 2224 No*-

55 2261 114 2314 stro
127 2255 225 2335 Papa
244 2259 320 2320 PIO
339 2260 387 2319 VI
397 2267 529 2322 coactae
552 2261 734 2333 memoriae,
757 2259 854 2318 Notis
875 2261 1013 2336 deminae

56 2363 193 2411 concessa
215 2353 271 2412 aad
297 2355 350 2413 dia
371 2353 415 2412 26
430 2350 552 2414 Martii
566 2351 652 2412 1797
662 2353 857 2432 facultatem
876 2368 1014 2412 comma-

56 2441 197 2503 aicamms
217 2445 405 2508 Reverendo
419 2445 556 2507 Domino
573 2447 613 2506 N.
629 2445 670 2506 N.
687 2445 898 2506 benedicendi
911 2445 1013 2505 decies

58 2536 138 2594 mille
158 2533 301 2598 Coronas
317 2545 537 2616 precatorias,
563 2537 692 2609 Graeca,
722 2531 929 2598 Nmmismata
951 2545 1010 2598 etc.

58 2627 155 2704 eisque
177 2635 374 2708 applicandi
392 2633 619 2713 imdalyemtiaa
640 2635 816 2696 lucrandas
837 2641 875 2692 at
899 2647 1009 2709 capra.

112 2717 233 2783 Datum
255 2723 426 2788 Emdricae
445 2729 498 2789 die
518 2725 664 2787 231alii
683 2725 778 2787 1800.

469 2913 594 2990 Signat.
605 2911 756 2972 'Aloisias
780 2906 1010 2986 Clamberlcmt,

550 3005 618 3066 Vic.
634 3006 710 3082 Sup.
724 3001 812 3065 Miss.
828 3007 890 3065 etc.
