2624 4260
88 367 139 428 cio
161 366 385 426 continendum
406 365 644 442 conspirabant3
666 383 723 444 ego
738 369 842 427 umen
856 365 932 426 haec
951 363 1058 426 omnia

88 461 221 537 insuper
240 459 354 533 habui,
378 478 486 538 meque
508 461 614 538 impiis
635 461 788 536 factiosis,
811 461 864 541 qui
884 462 1058 523 Ecclesiam

88 557 124 613 et
152 547 391 630 Rempublicam
413 555 657 630 pervertebant,
680 554 871 633 coniungens
900 555 1060 633 praescri-

88 651 180 726 ptum
202 646 419 706 iusiurandum
441 647 542 708 emisi.
559 650 641 708 Actu
657 649 716 708 hoc
730 648 856 711 funesto
870 651 994 710 turbam
1008 667 1059 710 cr·

90 758 199 801 rorum
222 739 383 817 adoptavi.
406 740 589 813 Ecclesiam,
612 741 754 802 divinum
777 744 836 804 hoc
861 743 1057 815 institutum,

90 835 180 895 cuius
202 837 313 896 auctor
334 839 384 896 est
405 836 491 894 Iesus
513 833 669 910 Christus,
693 836 783 896 onius
805 838 908 898 media
921 841 995 896 sunt
1009 837 1060 897 in-

90 929 256 994 finitorum
277 929 397 992 Christi
419 928 606 990 meritorum
620 929 804 1007 applicatio,
821 931 909 990 cuius
924 931 996 990 flnis
1011 933 1061 992 est

89 1025 226 1084 aeterna
246 1021 409 1082 hominum
430 1021 528 1094 salus,
551 1020 848 1099 tradidi,‘quantnm
862 1041 919 1100 per
932 1041 981 1084 me
996 1027 1060 1084 sta·

91 1118 160 1190 bat,
183 1115 334 1193 potestati
357 1117 523 1188 humanae,
539 1118 573 1176 et
594 1115 842 1192 speculationum
858 1117 1060 1193 politicarum

92 1211 220 1272 delirio.
238 1212 313 1272 Vidi
334 1212 448 1288 absque
469 1212 612 1284 horrore,
629 1214 818 1290 potestatem
832 1211 958 1272 civilem
974 1211 1059 1271 deci-

93 1306 181 1378 dere,
194 1306 275 1382 quod
287 1304 432 1381 Episcopi
442 1322 499 1381 per
510 1304 664 1381 Spiritum
681 1308 823 1364 sanctum
837 1306 875 1365 ad
892 1306 1061 1381 regendam

92 1399 266 1459 Ecclesiam
279 1397 393 1475 positi,
406 1399 631 1458 auctoritatem
643 1416 729 1458 suam
742 1398 927 1472 amiserint3
944 1397 1011 1458 vidi
1022 1397 1064 1458 ab
1170 1404 1172 1410 ’

93 1496 202 1554 eadem
223 1495 384 1570 potestate
406 1491 630 1569 Episcoporum
651 1490 904 1552 iurisdictionem
929 1490 1060 1550 extendi

93 1596 151 1654 aut
171 1590 323 1669 restringi
344 1592 381 1650 cd
405 1584 532 1650 modum
546 1592 792 1667 gubernatorum
812 1589 1013 1667 provinciae3
1029 1593 1064 1650 et

93 1684 238 1746 inaudita
265 1702 303 1744 ea
331 1685 511 1756 attontata,
541 1703 619 1761 quae
648 1684 875 1744 auctoritatem
903 1683 1062 1744 Ecclesiae

94 1778 203 1855 suique
232 1777 397 1854 regiminis
425 1777 699 1854 independentiam
726 1779 758 1838 in
780 1779 916 1839 nihilum
937 1777 1064 1855 redige·

95 1872 184 1945 bant,
207 1871 412 1932 destruebant
433 1871 534 1933 ideam
556 1871 733 1950 spiritualis
748 1873 918 1948 potestatis
933 1877 967 1932 et
981 1870 1064 1932 sacri

95 1963 281 2035 ministerii,
290 1982 369 2040 quae
380 1964 508 2041 proinde
520 1965 707 2026 involabant
719 1965 750 2023 in
764 1966 969 2026 fundamenta
977 1965 1063 2040 fidei,

96 2075 146 2117 me
166 2056 378 2117 insensibilem
401 2062 608 2135 repererunt3
631 2059 858 2136 applaudebam
881 2059 1065 2120 illimitatae
1103 2111 1108 2120 .

97 2151 316 2224 submissioni,
339 2153 512 2229 praestitae
534 2153 740 2226 auctoritati,
769 2171 846 2230 quae
875 2154 1066 2213 Sabaudiam
1098 2219 1101 2225 Δ

98 2247 304 2324 gubernabat.
315 2246 451 2323 Spiritui
463 2246 620 2307 illusionis
630 2247 765 2319 deditus,
779 2265 818 2306 ex
829 2265 865 2306 co
877 2247 954 2306 mihi
965 2247 1068 2324 magis

97 2339 276 2415 placebam3
306 2341 457 2416 superbus
479 2340 511 2399 in
533 2341 686 2401 coecitate
708 2359 757 2400 me
780 2342 818 2400 ad
841 2341 942 2418 magis
964 2342 1067 2402 adhuc

97 2433 238 2494 funestos
260 2435 369 2511 lapsus
389 2435 624 2511 praeparabam.
648 2436 696 2496 Ad
718 2435 750 2494 id
772 2435 965 2495 luculentam
981 2453 1069 2495 occa·

99 2526 217 2586 sionem
240 2529 454 2604 praebuerunt
467 2529 546 2587 mihi
559 2528 707 2602 Comitia,
724 2527 837 2606 quibus
850 2547 908 2606 ego
922 2528 960 2588 ad
976 2545 1068 2604 prae·

99 2625 223 2681 tensum
251 2623 369 2682 Montis
397 2623 472 2683 Albi
494 2622 713 2699 Episcopatum
736 2640 805 2682 sum
828 2624 970 2682 evectus.
993 2621 1069 2682 Ele-

98 2713 213 2778 ctionis
234 2715 326 2776 huius
342 2715 579 2794 irregularitas,
596 2715 720 2776 novitas
736 2715 838 2788 tituli,
855 2713 976 2774 sedium
990 2732 1069 2790 qua-

99 2810 173 2870 tuor
194 2809 374 2870 viventium
388 2809 610 2887 Episcoporum
627 2807 805 2884 usurpatio,
821 2806 935 2868 merito
949 2807 1069 2884 percel-

99 2900 167 2960 lere
189 2905 354 2980 meatque
376 2906 415 2964 od
442 2903 659 2980 refugiendum
689 2901 837 2961 inducere
865 2901 1068 2975 debuissent3

101 2994 153 3053 sed
178 3013 200 3056 ,ο
228 2994 465 3056 fascinationem
493 2995 863 3072 incomprehensibilem!
893 2993 1068 3072 Acceptavi

101 3087 182 3150 nihil
193 3089 419 3164 haesitans3et
430 3091 486 3150 suh
497 3089 596 3150 oculis
614 3087 763 3166 Episcopi
782 3087 856 3161 mei,
877 3087 1069 3149 venerabilis

101 3183 185 3242 senis
207 3181 308 3259 illius,
331 3183 386 3261 qui
408 3187 482 3244 tunc
496 3183 625 3260 longum
642 3199 732 3241 suurn
747 3181 908 3258 ingressus
921 3185 971 3241 est
985 3198 1072 3241 mar-

101 3275 236 3354 tyrium,
258 3280 292 3337 ct
310 3277 364 3354 qui
385 3277 469 3338 clero
491 3293 545 3336 suo
567 3293 603 3335 eo
625 3273 727 3334 medio
750 3274 928 3335 clarissima
949 3278 983 3336 et
1000 3273 1073 3334 effi·

101 3371 188 3431 cacia
216 3375 384 3448 praecepta
410 3370 522 3444 dabat,
545 3386 638 3429 ausus
658 3385 728 3426 sum
750 3370 898 3428 accedere
919 3370 957 3428 ad
979 3367 1073 3428 exhi-

25 3529 26 3533 ,
101 3464 218 3524 tendas
243 3465 432 3526 electoribus
460 3464 536 3524 meis
563 3463 595 3522 in
625 3461 696 3538 ipsa
723 3462 910 3530 cathedrali
931 3462 1073 3523 Ecclesia

102 3557 281 3632 gratiarum
296 3557 444 3619 actiones.
464 3558 506 3616 Et
526 3554 734 3615 nihilominus
747 3555 894 3615 solacius
909 3555 1074 3616 electionis

949 3662 965 3696 ἡ
