2624 4260
432 253 622 314 -175‘-

50 360 194 422 cationem
207 377 293 420 snam
307 377 471 420 revocasse
481 360 579 422 Nobis
590 361 813 433 declaraverit,
824 362 862 421 ob
874 377 1003 436 eamque

50 472 164 514 causam
184 453 281 515 Nobis
308 453 485 531 ambigendi
507 453 613 514 nullus
641 454 684 514 sit
704 455 838 531 amplius
860 455 945 515 locus
966 456 1004 513 de

50 552 260 628 perseverante
282 551 418 610 Thomae
440 550 548 611 Antici
575 549 741 611 voluntate
770 550 801 608 in
823 551 1004 627 deponenda

48 631 259 704 Gurdinalatus
274 642 448 724 dignitate:
471 648 638 720 propterea
658 645 738 716 Nos,
760 642 882 702 auxilio
904 641 1004 702 divini

48 735 169 794 luminis
196 735 385 812 implorato,
408 754 444 795 ac
466 735 520 794 diu
545 735 741 812 multumque
762 735 908 794 meditati
929 734 1004 811 quid

49 827 76 886 in
98 829 153 887 hac
173 846 266 889 causa
293 829 364 888 fleri
385 847 404 888 a
423 829 520 890 Nobis
549 832 735 906 oporteret,
758 829 885 906 cognito
908 829 1004 887 etiam

48 923 269 983 venerabilium
290 925 443 984 Fratrum
462 925 650 985 Nostrorum
677 923 828 996 consilio,
851 940 928 999 quos
948 925 1005 982 aut

47 1016 163 1094 alloqui
183 1035 310 1090 coram,
333 1023 389 1078 aut
409 1003 464 1096 per
486 1019 614 1078 litteras
643 1017 805 1077 consulere
832 1016 1003 1094 potuimus,

46 1128 125 1182 cum,
146 1110 327 1170 iustissimis
347 1113 384 1170 de
406 1111 526 1184 causis,
549 1111 754 1171 statuerimus
776 1109 1005 1169 abdicationem

46 1203 122 1262 hanc
142 1222 161 1264 a
180 1203 276 1264 Nobis
297 1223 363 1264 esse
384 1205 624 1277 admittendam,
649 1207 685 1264 ut
702 1203 834 1263 valeant
855 1221 932 1279 quae
958 1201 1007 1260 di-

45 1296 143 1356 lectus
163 1297 248 1356 filins
267 1297 402 1358 Thomas
422 1299 530 1358 Antici
551 1316 608 1376 per
629 1315 696 1357 eam
718 1296 868 1355 conficere
890 1295 1003 1355 voluit:

44 1389 233 1450 anctoritate
254 1389 477 1468 omnipotentis
494 1391 572 1463 Dei,
595 1394 773 1450 sanctorum
795 1389 1005 1466 apostolorum

44 1483 135 1542 Petri
156 1485 189 1541 et
209 1483 314 1556 Pauli,
336 1487 370 1542 et
389 1485 521 1556 Nostra,
545 1483 772 1544 abdicationem
795 1484 1008 1543 ThomaeAn·

45 1576 99 1635 tici
121 1576 355 1638 eOardinalatu
377 1577 575 1636 admittimus
596 1577 779 1637 solemniter
800 1581 894 1653 atque
916 1593 1006 1635 acce-

44 1672 178 1747 ptamus.
203 1671 284 1728 Tum
306 1671 457 1730 Thomam
484 1669 593 1730 Antici
620 1670 763 1730 omuibus
786 1670 1006 1740 Cardinalatus

45 1763 191 1823 oneribus
204 1763 385 1834 liberatum,
400 1764 509 1836 titulo,
525 1763 748 1840 appellatione,
764 1763 943 1836 honoribus,
957 1763 1008 1821 in-

45 1845 206 1934 signibus,
229 1857 430 1934 privilegiis,
453 1857 730 1934 praeeminentiis,
753 1856 876 1916 iuribus
897 1855 1008 1932 quovis

44 1951 181 2009 modoad
194 1949 382 2027 dignitatem
395 1950 617 2011 Oardinalatus
629 1951 855 2026 spectantibus,
868 1969 904 2008 ac
919 1967 1009 2028 prae-

44 2043 153 2102 sertim
181 2043 267 2103 vocis
288 2043 465 2104 activaeet
493 2045 635 2121 passivae
656 2043 689 2102 in
711 2044 865 2104 electione
887 2041 1008 2101 Summi
1129 2059 1130 2062 ¹

43 2135 207 2194 Pontificis
236 2154 311 2196 vere
340 2136 529 2213 spoliatum,
551 2137 740 2197 sacramenti
762 2135 1008 2213 obligationibus

42 2232 180 2292 solutum
208 2233 418 2293 declaramus:
442 2233 490 2292 ita
516 2236 552 2292 ut
580 2235 716 2292 Thomas
737 2231 863 2304 Antici,
886 2230 1009 2307 pridem

43 2327 76 2386 S.
94 2328 134 2386 R.
151 2327 187 2386 Ε.
203 2325 401 2396 cardinalis,
424 2325 568 2402 deinceps
590 2325 711 2385 censeri
734 2325 859 2386 debebit
879 2325 1010 2402 perinde

41 2437 79 2478 ac
100 2418 155 2495 qui
176 2417 356 2495 presbyteri
371 2419 490 2495 privati
506 2423 579 2478 sunt
596 2417 717 2478 censeri
739 2420 852 2480 solent.
869 2420 933 2478 Vos
948 2418 1010 2478 ita·

41 2529 114 2588 que,
127 2511 325 2571 venerabiles
339 2513 482 2585 Fratres,
495 2531 556 2571 non
571 2513 706 2589 amplius
721 2515 873 2574 Thomam
887 2512 1009 2584 Antici,

38 2605 277 2683 presbyterum,
300 2605 332 2663 in
354 2605 487 2683 collegio
508 2609 616 2666 vestro
637 2607 853 2677 recensebitis‚
877 2621 1020 2680 eumque-

39 2697 223 2759 Oardinalis
243 2697 468 2776 appellatione,
485 2699 593 2772 titulo,
608 2699 790 2770 honoribus,
813 2696 1010 2775 praerogati-

39 2791 104 2862 vis,
126 2789 308 2868 privilegiis
329 2794 363 2850 et
383 2789 505 2850 iuribus
526 2792 751 2868 quovismodo
772 2791 811 2850 ad
826 2788 1009 2850 Oardinala-

40 2889 110 2943 tum
122 2884 370 2961 pertinentibus,
380 2903 420 2944 ex
433 2887 491 2944 hac
500 2886 554 2944 'die
567 2903 696 2962 prorsus
710 2883 900 2944 destitutum
915 2885 1009 2959 atque

39 2978 213 3054 spoliatum
235 2977 426 3038 iudicabitis.
442 2978 494 3036 Sic
515 2981 552 3038 de
574 2978 742 3055 potestatis
755 2979 890 3039 Nostrae
912 2975 1011 3052 pleni·

38 3071 153 3130 tudine
175 3069 372 3128 decernimus
391 3071 486 3146 atque
514 3069 742 3146 praecipimus,
765 3072 799 3129 et
822 3069 912 3128 vobis
926 3071 1011 3146 Apo-

38 3163 189 3222 stolicam
211 3162 694 3238 benedictionem,amantissime
716 3161 926 3240 impertimur.
1019 3153 1021 3164 '

99 3259 220 3317 Datum
241 3274 281 3315 ex
302 3256 448 3316 coenobio
464 3256 745 3316 carthusianorum
763 3275 858 3334 prope
879 3256 1011 3317 Floren-

35 3350 130 3422 tiam,
148 3350 200 3408 die
223 3351 281 3409 Vll
302 3350 496 3426 Septembris
518 3350 776 3422 MDOOXOVIII,
799 3349 1010 3410 Pontificatus
1046 3340 1048 3344 ’
1091 3379 1094 3386 ·

34 3442 150 3503 Nostri
174 3460 256 3503 anno
277 3443 393 3504 XXIV.
