2624 4260
662 287 841 346 -178-

700 444 800 498 m,

635 545 868 616 EPISTOLA

444 718 484 777 R.
500 718 538 778 P.
555 718 593 776 D.
609 715 831 778 MIOHAELIS
852 718 894 776 DI
908 713 1058 776 PIETRO

199 923 203 930 -
279 899 282 906 ’
309 879 462 956 Episcopi
476 877 661 938 Isaureasis
681 877 832 954 Deleputi
849 876 1030 969 Apostolici
1044 875 1081 932 in
1102 871 1194 932 Urbe.

328 1048 428 1109 Dubia
454 1049 493 1106 ab
522 1047 643 1107 Illustr.
667 1052 700 1106 et
729 1047 905 1111 Reverend.
930 1044 1150 1106 Dominatione
1179 1047 1237 1101 tua

270 1146 396 1205 Summo
419 1141 565 1202 Pontifici
586 1142 644 1201 Pio
667 1144 711 1201 VI
733 1142 892 1217 proposita
915 1158 1013 1216 nuper
1033 1140 1070 1199 ad
1093 1157 1141 1196 me
1163 1154 1238 1212 per-

269 1237 337 1298 lata
357 1236 445 1294 fuere
461 1239 546 1294 ntea
567 1233 739 1309 diligenter
753 1234 972 1310 expenderem,
988 1231 1120 1307 Tibique
1135 1232 1168 1288 S.
1180 1231 1238 1288 Se-

270 1331 317 1392 dis
338 1329 538 1405 Apostolicae
566 1327 755 1386 sententiam
784 1327 951 1404 aperirem.
973 1325 1077 1402 Igitur
1097 1326 1237 1399 Aposto-

270 1425 350 1497 lica,
373 1442 433 1499 qua
454 1421 568 1498 fungor
594 1421 802 1493 auctoritate,
827 1442 846 1482 a
867 1421 1044 1481 Sanctitate
1066 1420 1129 1480 Sua
1154 1420 1236 1478 mihi

270 1519 429 1594 delegata,
453 1516 580 1574 brevem
601 1519 696 1592 atque
718 1515 913 1591 perspicuam
936 1516 1102 1573 eorundem
1125 1513 1237 1572 dnbio⁴

269 1629 340 1670 rum
362 1609 547 1669 solutionem
569 1609 709 1685 exposui,
733 1627 824 1685 quam
847 1611 906 1682 Tu,
929 1609 1051 1668 Illustr.
1068 1609 1170 1680 Dom.,
1196 1625 1236 1666 cx

269 1704 417 1763 adiuncto
432 1701 508 1759 folio
530 1703 713 1777 comperies.
730 1703 801 1762 Tali
816 1708 907 1778 pacto
929 1702 1083 1761 desiderio
1099 1705 1153 1760 tuo
1183 1718 1238 1758 cn-

269 1797 401 1867 mulaie,
419 1798 454 1853 ut
477 1794 631 1866 arbitror,
648 1795 799 1869 satisfeci,
819 1815 853 1856 ac
882 1796 961 1855 nihil
988 1797 1048 1854 iam
1078 1797 1235 1870 superest,

270 1889 331 1949 nisi
352 1894 389 1947 ut
409 1888 488 1947 alias
510 1893 652 1964 exoptem
668 1891 920 1966 opportunitates
933 1889 1003 1948 Tibi
1026 1888 1235 1960 inserviendi,

269 1986 341 2044 dnm
363 1982 491 2040 interim
515 1983 603 2041 cultu
625 1987 659 2042 et
680 1984 898 2043 aestimatione
920 1981 1077 2060 singulari
1090 1999 1213 2054 manen,

430 2075 552 2134 illustr.
569 2080 603 2134 et
624 2079 799 2136 Reverend.
817 2079 903 2136 Dom.
921 2077 1006 2134 Tuae

329 2172 445 2230 Romae
467 2169 526 2228 VII
546 2167 613 2227 Gal.
630 2169 738 2228 Octcb.
752 2171 999 2230 MDOGXGVIII.

747 2265 822 2323 Ded.
836 2268 869 2322 ct
890 2265 1001 2340 Obseq.
1019 2280 1131 2322 servus
1307 2281 1308 2343 l

612 2357 713 2416 Mict.
730 2357 768 2417 de
789 2357 911 2429 Pedro,
928 2359 1031 2434 Episc.
1048 2355 1235 2428 maurensis,
1306 2415 1307 2434 p

787 2450 895 2526 Deleg.
912 2453 1023 2528 Apost.

387 2541 619 2618 Superscriptio

307 2636 435 2696 Illustr.
452 2652 489 2696 cc
510 2635 687 2694 Reuerend.
706 2636 797 2696 Dom.
815 2637 906 2695 Dom.
925 2635 990 2697 Col.

428 2729 518 2789 Dom.
536 2728 644 2804 Epire.
666 2727 837 2790 Grasseasi
857 2739 915 2790 etc.

318 2823 396 2883 Tria
417 2825 636 2901 proponuntur
657 2825 750 2884 dubia
771 2826 810 2883 ab
830 2825 981 2901 Episcopo
1003 2823 1182 2884 Grassensi.

326 2917 482 2994 Primum,
499 2923 604 2979 utrum
626 2920 665 2980 ab
678 2919 860 2996 apostolica
873 2920 952 2979 Sede
967 2919 1149 2979 damnatum
1167 2918 1237 2977 lue-

267 3012 313 3071 rit
334 3013 398 3071 odii
419 3015 451 3071 in
474 3015 594 3090 regiam
617 3015 811 3074 maiestatem
835 3017 1077 3086 sacramentum,
1093 3015 1173 3090 quod
1190 3014 1235 3072 sie

267 3105 478 3180 exprimitur:
501 3107 572 3184 Epo
594 3107 842 3168 Sacramentum
853 3109 924 3168 cdii
939 3111 976 3168 in
991 3109 1119 3184 regiam
1129 3110 1236 3166 maie·
1302 3181 1304 3192 ⁴

267 3205 382 3255 statem
404 3207 435 3258 et
460 3201 653 3260 aparctiam
669 3205 835 3279 profiteor,
853 3205 1014 3279 simulque
1033 3217 1129 3260 voveo
1147 3202 1236 3260 obse-

266 3292 380 3366 quium
401 3300 433 3350 et
456 3293 554 3370 fidem
573 3296 609 3352 ia
631 3295 894 3371 Rempublz'cam,
923 3313 981 3355 nec
1002 3313 1070 3354 noa
1091 3296 1129 3352 iu·
1148 3293 1237 3354 Con-

266 3384 472 3444 stitutr‘oaem
494 3389 579 3445 caui
597 3387 629 3447 3.
648 3389 770 3448 Gallico
792 3389 953 3448 idiomate:
975 3389 1013 3448 Je
1029 3380 1108 3461 jare
1129 3388 1236 3447 haiae

267 3476 288 3533 d
313 3477 350 3534 la·
366 3477 516 3553 Royaate
537 3489 568 3540 et
590 3484 610 3540 d
633 3479 836 3555 t'aaarctie;
859 3483 1079 3543 attachemeat
1101 3490 1133 3542 et
1153 3482 1237 3557 fide-

268 3569 325 3628 lite
341 3572 362 3628 ci
379 3572 411 3630 la
432 3572 632 3652 Republique
656 3579 726 3636 etd
749 3579 783 3636 ta
804 3574 1025 3636 constitution
1046 3577 1085 3636 de
1111 3573 1183 3635 l'an
1197 3576 1230 3635 3.
