2606 4268
284 389 380 468 etitas
400 389 464 448 Sua
486 391 583 466 possit
610 409 647 450 ea
676 393 863 468 providere,
893 413 972 470 quae
1000 396 1249 457 circumstantiis

282 486 377 540 erunt
389 482 488 559 magis
503 483 733 557 convenientia;
747 487 1004 561 quemadmodum
1015 488 1088 548 aliis
1099 490 1248 551 Ecclesiis

284 575 435 652 providit,
459 594 591 654 quarum
614 579 760 639 notitiam
782 579 907 640 habuit.

342 669 373 729 5.
397 670 570 736 Quaeritur
583 670 706 748 quinto,
726 675 835 732 utrum
854 673 885 732 in
900 673 1052 734 hodierna
1070 675 1247 736 Galliarum

282 763 471 837 conditione,
488 764 520 824 in
535 783 597 841 qua
611 765 802 842 impossibile
817 771 873 827 aut
887 767 1106 827 difficillimum
1121 772 1171 829 est
1184 787 1248 830 ma·
1296 801 1297 834 1

283 856 434 917 trimodia
454 859 641 918 contrahere
662 877 765 919 coram
788 859 915 938 proprio
936 860 1080 938 legitimo
1095 863 1244 938 parocho,

283 951 331 1009 uti
352 951 449 1011 liceat
469 952 632 1013 notissima
653 953 865 1015 declaratione
887 954 1149 1032 congregationis
1164 958 1248 1018 Gon-

282 1043 348 1103 cilii
370 1065 389 1106 a
409 1045 523 1123 Sylvio
544 1045 648 1106 relata
669 1045 725 1125 (1).

342 1139 381 1198 R.
405 1137 543 1198 Sufficiet
563 1139 622 1198 hac
644 1138 676 1196 in
699 1155 734 1197 re
755 1139 918 1199 consulere
939 1140 1106 1218 epistolam
1121 1142 1160 1200 ad
1175 1143 1248 1219 Epi·

280 1248 406 1307 scopum
425 1230 598 1292 Lucionen.
622 1229 667 1309 (2)
689 1231 825 1291 relatam
839 1232 925 1294 inter
938 1233 1084 1311 praefata
1098 1253 1245 1313 responsa

281 1323 471 1384 Sanctitatis
493 1325 591 1385 Suae:
616 1324 647 1382 in
670 1323 729 1384 illa
749 1324 832 1383 enim
847 1325 921 1386 huic
934 1327 1113 1402 quaestioni
1128 1346 1246 1406 oppor-

281 1423 356 1480 tune
377 1418 538 1497 provisum
561 1421 620 1478 est.

342 1615 379 1671 (1)
396 1614 571 1662 commentia
588 1614 611 1660 B.
628 1615 694 1672 pm.
712 1614 781 1660 Sum.
802 1615 827 1664 S.
840 1615 928 1662 Thom.
949 1617 1048 1673 quaest.
1058 1617 1134 1664 XLV.
1153 1617 1204 1663 art.
1217 1619 1246 1664 V.

280 1702 367 1748 quaer.
379 1692 423 1737 1v.
434 1687 501 1736 Edit.
512 1689 637 1746 antuerp.
650 1689 720 1735 1667.
732 1690 784 1735 vol.
791 1689 816 1736 4.
823 1702 881 1748 pag.
893 1691 947 1738 190.
955 1712 973 1726 -
981 1690 1022 1737 Ibi
1030 1702 1096 1748 quae
1106 1692 1248 1748 sequuntur

278 1769 386 1817 tradidit
395 1769 558 1827 Sylvius-Si
566 1770 653 1815 extent
662 1767 763 1826 quidem
776 1770 905 1827 parochus
921 1771 947 1816 et
962 1771 1111 1828 Episcopus,
1122 1769 1168 1817 sed
1176 1772 1247 1818 nullo

280 1847 418 1894 constituto
435 1845 541 1900 vicario,
559 1845 666 1902 uterque
682 1845 751 1890 m'etu
766 1845 952 1894 haereticorum
968 1847 1062 1904 lateat,
1082 1848 1120 1894 ita
1140 1849 1170 1893 nt
1188 1861 1247 1894 vere

278 1921 412 1980 ignoretur
427 1920 532 1967 ubinam
548 1919 600 1977 sit;
617 1920 661 1965 vel
676 1919 700 1966 si
715 1919 802 1965 codem
818 1923 888 1966 metu
903 1934 920 1968 a
935 1920 1045 1968 ffioecesi
1061 1921 1137 1978 absit,
1155 1935 1204 1969 nec
1218 1923 1249 1970 ad

279 1999 430 2046 alterutrum
447 1997 481 2043 sit
491 1997 562 2042 tutus
574 2008 700 2052 accessus,
713 1995 827 2042 validum
836 1998 875 2042 est
885 1997 1075 2044 matrimonium
1089 1999 1248 2044 conmotam

280 2074 375 2132 absque
391 2073 474 2120 forma
494 2071 617 2130 concilii,
636 2071 759 2119 adhibitis
774 2073 860 2119 tamen
880 2075 910 2118 ut
925 2072 1021 2120 dictum
1037 2074 1076 2120 est
1092 2072 1192 2120 duobus
1208 2075 1248 2120 te-

279 2149 370 2198 stibus.
388 2152 442 2196 Hos
455 2149 520 2196 dnos
534 2160 610 2195 casus
628 2147 802 2195 cardinalium
818 2149 986 2207 Congregatio
1002 2149 1041 2195 ita
1056 2150 1182 2208 expressit
1197 2153 1249 2196 An-

278 2227 437 2285 chiepiscopo
454 2225 612 2284 Philippensi
628 2225 737 2270 Domino
764 2224 888 2271 Sasboldo
906 2226 936 2272 19
953 2225 1068 2273 Ianuarii
1084 2227 1162 2283 1603,
1183 2239 1248 2285 qnae

278 2303 310 2350 ab
328 2303 434 2349 Octavio
451 2302 575 2361 Episcopo
593 2301 763 2348 Tricaricensi
779 2314 825 2359 por
835 2302 999 2348 Germaniam
1010 2303 1037 2349 et
1046 2303 1163 2360 Belgium
1172 2303 1249 2349 Nun-
1294 2363 1295 2368 ¹

278 2377 473 2436 cioApostolicc
490 2378 576 2424 iuerat
593 2378 711 2424 consulta
725 2390 771 2434 pro
788 2377 967 2435 matrimoniis,
980 2390 1045 2435 qnae
1061 2377 1246 2436 inHoliandia,
1294 2371 1295 2392 ¹

276 2452 405 2510 zelandia,
423 2454 450 2499 et
465 2454 550 2500 Frisia
566 2453 796 2499 contrahebantur.
813 2453 889 2500 Prius
906 2456 990 2501 autem
1009 2466 1077 2500 anno
1094 2454 1157 2501 1600
1166 2453 1209 2500 die
1219 2455 1248 2500 8⁰

276 2530 423 2576 Decembris
439 2528 520 2576 eidem
537 2530 643 2577 Octavio
666 2528 703 2576 sie
720 2531 751 2576 D.
763 2529 883 2576 Bellarm.
901 2530 1058 2588 scripserat:
1077 2547 1090 2570 u
1101 2530 1139 2576 De
1155 2530 1248 2576 matri-

277 2631 291 2655 »
307 2605 401 2652 moniis
417 2606 555 2653 contractis
570 2605 614 2652 ubi
630 2605 696 2652 nulli
712 2605 764 2652 iam
779 2606 841 2653 sunt
856 2605 953 2664 proprii
968 2608 1100 2664 pastores,
1118 2605 1170 2652 iam
1188 2605 1247 2651 olim
1293 2595 1294 2618 ¹

277 2702 291 2726 n
309 2683 394 2729 aetum
410 2681 461 2728 init
483 2694 540 2728 eum
560 2679 637 2728 SSriru
660 2683 770 2729 Domino
796 2683 907 2738 Nostro,
929 2685 1029 2729 etcum
1046 2681 1247 2739 congregatione

277 2775 290 2799 n
309 2758 416 2807 concilii
433 2757 582 2806 Tridentini.
605 2759 643 2804 Ae
660 2759 788 2806 sententia
804 2758 944 2805 eommunis
960 2759 1018 2816 init,
1044 2759 1091 2806 illa
1107 2771 1164 2806 esse
1180 2761 1245 2815 rata¹

277 2851 290 2875 n
306 2847 354 2882 nee
371 2833 404 2882 ad
419 2847 451 2882 ea
472 2835 598 2893 pertinere
621 2833 750 2881 decretum
775 2834 892 2891 concilii,
914 2847 972 2881 cnm
993 2835 1021 2881 in
1043 2833 1168 2882 eiusmodi
1184 2835 1248 2880 locis
1292 2849 1293 2884 l

277 2926 290 2949 n
308 2909 440 2957 obseruari
460 2923 511 2956 non
527 2909 617 2967 possit.
640 2911 698 2956 Non
717 2908 792 2956 video
816 2921 885 2966 ergo,
904 2922 950 2955 cnr
966 2922 998 2956 aa
1013 2909 1177 2956 matrimonia
1195 2921 1248 2956 non
1292 2893 1293 2940 l

277 3000 289 3023 n
307 2983 416 3032 debeant
431 2986 552 3044 tolerari3
570 2999 628 3032 cum
644 2986 708 3033 satis
724 2986 822 3032 constet
833 2983 1085 3042 Conciliideoretnm
1098 2984 1247 3044 quodiubet
1292 2945 1293 3038 l

276 3077 290 3101 n
306 3062 496 3108 matrimonium
511 3061 568 3107 lieri
583 3073 670 3107 coram
686 3063 809 3120 parocho,
825 3075 877 3108 non
893 3074 920 3108 se
937 3061 1072 3108 extendere
1088 3061 1122 3108 ad
1136 3074 1168 3108 ea
1179 3062 1246 3119 loca,

276 3152 289 3175 n
306 3136 351 3182 uhi
366 3136 432 3182 nulli
447 3138 507 3182 sunt
522 3135 663 3193 parochi.»
687 3137 728 3182 Ita
747 3135 826 3183 rciart
849 3136 1013 3194 chapeaville
1030 3137 1151 3184 vicarius
1167 3136 1246 3184 Laod.

275 3225 300 3270 q.
312 3213 351 3259 15.
367 3200 398 3258 de
416 3213 526 3259 matrim.
550 3211 592 3257 Ita
607 3211 684 3257 etiam
700 3212 805 3270 scripsit
819 3211 951 3270 praefatus
969 3211 1093 3259 Octavius
1108 3213 1248 3272 Archiepi-

273 3301 349 3347 scopo
366 3289 533 3336 Meoblinensi
555 3288 585 3334 le
608 3287 742 3334 Februarii
759 3289 835 3344 1602,
854 3288 880 3334 et
894 3287 937 3334 hio
953 3289 1078 3346 Episcopo
1095 3290 1246 3348 Iprenai14

273 3362 386 3412 ciusdem
401 3363 506 3410 mensis.
528 3363 587 3410 Sive
609 3375 669 3420 ergo
685 3361 874 3420 dispensatione
889 3363 1029 3421 pontificia,
1047 3363 1102 3411 sive
1116 3364 1183 3410 iuris
1199 3365 1243 3411 in-

274 3439 472 3497 terpretatione,
490 3438 518 3484 in
535 3436 633 3497 oppidis
650 3439 676 3484 et
692 3438 764 3496 pagis
780 3437 850 3493 illis,
868 3437 913 3483 nbi
928 3450 975 3486 nec
991 3440 1082 3486 Pastor
1100 3451 1148 3486 nec
1163 3439 1247 3487 vicem

274 3515 330 3562 cius
346 3527 437 3573 gerens
452 3514 542 3562 haberi
557 3515 648 3572 potest,
667 3511 751 3560 valide
769 3513 923 3560 contrahunt
940 3513 1079 3562 Christiani
1095 3513 1151 3561 sine
1166 3514 1223 3563 illo.

337 3591 376 3646 (1)
394 3589 477 3638 Huius
492 3589 615 3637 volumin.
632 3601 690 3648 pag.
704 3589 742 3635 12.
1113 3615 1121 3625 κ
