2582 4270
645 219 804 280 ..54-

241 323 376 386 uidemus
390 326 478 386 Sedis
492 327 682 406 apostolicae
701 329 992 408 propugnationem,
1007 327 1075 404 pari
1097 327 1212 411 virtu-

241 421 274 478 te
294 422 328 478 et
348 420 526 482 constantia
547 425 672 495 tueare,
695 425 731 482 ut
752 421 779 480 si
799 421 870 481 fleri
890 424 1015 499 potest,
1037 421 1133 480 etiam
1155 419 1211 480 illi

240 513 294 590 qui
315 518 349 575 et
361 516 458 576 Deum
472 518 505 576 et
524 517 682 578 Ecclesiae
696 517 864 591 unitatem,
886 535 1138 594 communemque
1154 533 1213 592 pa-

240 623 306 666 cem
328 607 502 669 discindere
523 613 696 688 quaeruut,
719 609 757 671 ad
780 611 950 672 salutarem
977 607 1209 689 poenitentiam

240 702 397 774 conversi,
412 702 537 794 veniam
558 705 686 766 admissi
707 706 824 766 erroris
845 711 1095 782 promereantur.

301 795 480 873 Reliquum,
496 800 694 860 Venerabilis
714 801 842 876 Frater,
864 804 927 862 Deo
948 797 1211 860 committendum

240 893 299 963 est,
315 889 368 966 qui
389 893 551 967 sperantes
570 893 603 952 iu
625 891 655 954 se
677 893 824 955 confundi
847 913 906 954 non
928 893 1062 972 patitur,
1084 895 1118 951 et
1140 909 1212 952 ser-

240 1000 296 1042 vos
317 983 440 1060 quidem
468 1003 540 1046 suos
562 991 721 1064 tamquam
749 1006 860 1050 aurum
888 988 1001 1066 probat
1021 988 1054 1046 in
1083 986 1208 1046 camino

240 1077 480 1153 tribulationis,
503 1100 559 1142 nec
580 1085 684 1142 tamen
706 1085 842 1157 deserit,
866 1085 919 1143 sed
946 1083 1074 1145 brachio
1092 1085 1206 1142 sancto

240 1189 295 1232 suo
316 1172 456 1234 defendit
468 1173 550 1246 illos,
568 1182 601 1236 et
621 1177 770 1238 suavibus
786 1177 853 1238 illis
867 1178 995 1238 vocibus
1009 1177 1203 1236 consolatur:

239 1269 269 1325 ai
278 1283 328 1326 me
334 1272 497 1344 persecuti
506 1277 594 1342 sunt,
605 1281 636 1330 et
645 1289 700 1330 oos
706 1275 1132 1348 persequentur;propterea
1143 1287 1210 1328 non

239 1364 288 1421 est
302 1362 521 1422 concidendum
535 1365 660 1438 animis,
676 1366 726 1424 sed
746 1364 875 1424 fortiter
896 1366 1123 1424 sustinendum:
1141 1381 1208 1422 non
1279 1422 1283 1435 ,

239 1454 321 1514 enim
338 1455 477 1516 vincitur
497 1458 638 1519 Ecclesia
658 1458 944 1536 persecutionibus,
961 1459 1013 1518 sed
1035 1459 1182 1536 augetur.

300 1550 438 1611 Maxima
452 1568 528 1610 vero
542 1551 669 1612 laetitia
683 1552 801 1629 perfusi
813 1551 940 1625 fuimus,
952 1552 1211 1613 animadverten-

238 1645 288 1703 tes
308 1643 488 1720 obsequium
510 1662 586 1722 erga
598 1648 664 1707 Nos
683 1649 783 1715 tuum,
800 1666 859 1724 quo
880 1647 986 1708 varias
1000 1647 1089 1706 nobis
1109 1662 1212 1723 quae

239 1735 356 1796 stiones
376 1738 536 1814 proponis,
552 1742 589 1798 ut
610 1757 677 1800 eam
699 1741 812 1818 agendi
827 1741 981 1802 rationem
1003 1740 1101 1812 ineas,
1124 1757 1210 1816 quae

239 1833 274 1890 et
294 1829 396 1890 tutior
410 1835 444 1891 et
463 1831 564 1910 magis
584 1836 815 1895 accommodata
834 1835 877 1894 sit
897 1834 1093 1912 gravissimis
1112 1833 1211 1894 malis

238 1921 398 1982 medendis
419 1942 459 1983 ex
480 1929 545 1984 tam
567 1927 708 1988 luctuoso
730 1929 897 1990 schismate
919 1929 1051 1989 obortis.

300 2017 441 2095 Singulis
461 2023 566 2080 autem
592 2020 825 2098 quaestionibus
847 2023 933 2082 nobis
954 2022 1143 2100 propositis,
1167 2041 1206 2082 ac

239 2125 359 2172 summa
380 2112 567 2174 maturitate
587 2131 606 2173 a
634 2114 719 2173 nobis
741 2115 920 2192 perpensis,
947 2115 1079 2175 consilio
1100 2115 1204 2174 etiam

237 2203 346 2266 habito
360 2204 494 2267 selectae
515 2207 669 2267 Venerab.
686 2209 837 2270 Fratrum
850 2211 1041 2271 Nostrorum
1056 2210 1088 2268 S.
1106 2211 1147 2270 R.
1163 2211 1204 2268 E.

237 2298 451 2360 Gurdinalium
472 2301 728 2378 congregationis
754 2303 981 2377 satisfecimus,
1004 2305 1206 2380 quemadmo-

124 2411 129 2428 ·
238 2392 311 2450 dnm
332 2410 371 2452 ex
392 2395 547 2469 responsis
568 2413 645 2471 qnae
670 2396 796 2456 Nostris
817 2397 901 2457 hisce
922 2397 1043 2458 litteris
1065 2395 1210 2457 adnecti·

238 2501 307 2544 mus
328 2485 550 2563 deprehendes.

298 2579 430 2639 Interim
451 2597 528 2640 vero
551 2580 629 2654 tibi,
655 2581 853 2643 Venerabilis
873 2585 1010 2656 Frater,
1037 2582 1208 2644 felicitatis
1289 2640 1290 2653 ἶ

237 2671 395 2749 auspicem
416 2673 621 2750 apostolicam
649 2674 896 2736 benedictionem
922 2680 1122 2754 peramanter
1143 2677 1210 2736 im-

235 2763 404 2840 partimur.

296 2860 411 2918 Datum
432 2861 567 2934 Romae,
592 2862 673 2936 apud
695 2863 842 2922 Sanctam
862 2863 996 2923 Mariam
1022 2862 1206 2936 Maiorem,

130 3023 132 3028 ¹
235 2952 285 3011 die
307 2953 346 3010 V.
369 2953 515 3014 Octobris
536 2954 755 3028 MDGGXGIII,
779 2955 987 3016 Pontificatus
1008 2955 1120 3017 Nostri
1146 2973 1208 3015 an·

237 3062 276 3103 no
298 3046 385 3105 XIX.
984 3078 986 3082 ·

827 3142 918 3204 PIUS
939 3142 992 3220 qui
1014 3160 1117 3220 supra.

294 3323 453 3384 Nonnulla
476 3327 692 3402 proponuntur
713 3325 807 3386 dubia
827 3327 941 3390 intres
961 3330 1102 3391 diversas
1118 3330 1204 3392 clas-

235 3432 284 3476 ses
305 3417 466 3490 distincta,
482 3437 613 3498 quarum
633 3419 746 3496 prima:
762 3437 823 3496 qua
843 3421 966 3483 scilicet
979 3424 1102 3485 ratione
1124 3443 1205 3502 pro—

237 3512 348 3572 cedere
376 3513 486 3574 debeat
513 3515 692 3592 episcopus,
718 3515 752 3572 et
771 3513 883 3590 quibus
909 3517 1014 3594 poeuis
1043 3517 1203 3582 subiicere
