2624 4260
451 220 629 280 -213-

63 343 175 386 novam
190 326 444 400 instructionem,
461 345 515 386 seu
530 324 785 396 declarationem,
801 341 878 400 quaa
895 341 953 382 non
968 343 1022 384 ex·

64 420 172 496 plicat,
195 421 246 479 sed
269 421 407 479 destruit
435 420 559 479 omnino
580 419 727 494 priorem.
753 416 845 490 Tibi,
867 421 900 476 et
920 417 1020 476 multo

61 513 164 572 minus
178 514 310 591 collegii
325 514 457 575 Romani
478 512 702 591 professoribus
716 512 857 590 ignotum
878 530 944 572 esse
960 529 1021 571 non

65 609 178 686 potuit,
201 625 292 685 quam
314 612 439 668 maturo
460 607 589 666 consilio
610 606 729 686 pluries
742 623 762 664 a
776 605 872 667 Nobis
887 623 1023 682 pronun·

65 703 180 763 ciatum
201 702 311 775 fuerit,
333 701 425 777 illud,
447 703 484 761 de
505 719 564 778 quo
585 700 714 778 agitur,
737 700 971 772 iuramentum,
994 699 1022 758 si

65 795 280 855 consideretur
290 795 322 853 in
337 813 416 872 pura
429 800 462 855 et
477 795 616 854 naturali
630 811 686 854 sua
700 793 940 870 significatione,
956 811 1021 853 esse

67 890 232 963 illicitum}
255 891 333 966 quod
356 889 481 966 quidem
504 889 665 960 iudicium,
682 891 792 946 nedum
815 887 1022 950 fueritNobis

59 1000 169 1059 provo
193 986 420 1044 insinuatione
441 990 635 1059 suggestum,
652 985 688 1040 ut
708 980 904 1040 decretalisa
918 983 962 1040 Te
976 981 1023 1040 ci·

66 1078 152 1136 tatae
180 1077 285 1136 verbis
316 1081 464 1150 utamur,
481 1095 506 1137 a
525 1075 623 1137 Nobis
651 1075 755 1152 potius
783 1069 1033 1150 pronunciatum

67 1169 140 1243 fuit,
157 1171 296 1246 praeviis
317 1173 477 1230 doctorum
499 1189 535 1231 ac
550 1170 723 1246 peritorum
745 1167 961 1244 theologorum
976 1187 1024 1228 se·

63 1263 120 1322 riis
131 1264 425 1337 consultationibus,
439 1263 627 1340 praevioque
640 1267 763 1322 maturo
774 1261 915 1321 examine
931 1263 1022 1323 unius

64 1359 322 1435 Congregationis
336 1358 549 1420 cardinalium
572 1356 728 1434 probitate
742 1374 778 1416 ac
799 1355 941 1415 doctrina
956 1374 1023 1432 spe-

62 1452 319 1525 ctatissimorum,
334 1456 367 1512 et
387 1453 500 1512 deinde
513 1470 532 1510 a
545 1452 642 1511 Nobis
654 1451 730 1510 dicti
742 1450 876 1527 collegii
892 1451 1022 1510 Rectori

65 1547 161 1607 etiam
183 1547 353 1608 indicatum
375 1547 449 1620 fuit,
464 1565 535 1607 cum
550 1547 576 1605 is
591 1547 765 1623 praeterita
779 1549 900 1606 aestate
922 1545 1023 1605 inter·

64 1641 221 1716 rogandos
241 1642 305 1701 Nos
326 1641 465 1713 curavit,
488 1643 608 1699 essetne
630 1639 661 1698 id
684 1639 894 1698 iuramentum
910 1655 929 1697 a
943 1637 1022 1696 viris

62 1734 296 1806 ecclesiasticis,
311 1736 338 1794 si
356 1735 551 1812 exigeretur,
566 1735 797 1810 praestandum.
811 1733 909 1793 Nulla
922 1733 1023 1809 igitur

62 1829 192 1900 maiore,
208 1828 365 1905 magisque
387 1828 510 1904 publica
531 1846 607 1905 opus
629 1827 690 1889 fuit
712 1827 839 1900 notitia,
857 1831 893 1886 ut
913 1829 974 1898 Tu,
989 1829 1023 1886 et

62 1922 252 1998 professores
267 1921 391 1997 penitus
405 1921 541 1980 convicti
555 1919 677 1991 essetis,
690 1919 898 1979 iuramentum
915 1921 945 1979 in
959 1926 1024 1980 ter·

61 2013 286 2090 minis,quibus
301 2020 349 2076 est
368 2014 598 2075 Constitutione
620 2015 859 2091 praescriptum,
882 2015 1023 2076 absolute

64 2127 131 2168 esse
152 2109 313 2168 illicitum.
329 2111 397 2170 Non
419 2127 580 2186 possumus
601 2108 750 2168 assentiri
772 2107 923 2184 expositis
944 2111 1023 2168 aTe

63 2201 241 2262 rationibus
254 2203 290 2260 ad
307 2203 529 2262 ostendendam
551 2205 702 2262 secundae
718 2206 790 2262 tuae
805 2201 1023 2261 instructionis

64 2296 274 2372 aequitatem,
296 2297 438 2372 quamvis
464 2296 546 2355 enim
575 2294 745 2354 iuramenti
767 2295 864 2354 verba
885 2294 1024 2372 intelligi
1089 2339 1095 2344 .

62 2389 197 2448 debeant
228 2389 266 2446 ab
288 2407 344 2460 eo,
366 2388 419 2466 qui
441 2389 548 2462 iurat,
571 2389 716 2448 insensu
738 2388 844 2460 illius,
867 2388 919 2464 qui
942 2387 1023 2446 illud

65 2483 181 2558 exigit,
196 2481 449 2558 qualemcumque
472 2481 630 2540 verbalem
651 2480 894 2540 declarationem
915 2481 1025 2540 emise-

62 2576 131 2634 rint
151 2573 229 2633 dicti
252 2575 450 2650 professores,
469 2592 572 2634 coram
595 2574 784 2651 magistratu
807 2575 844 2633 ad
867 2575 1025 2633 iuramen-

61 2673 128 2728 tum
150 2685 259 2728 eorum
282 2668 492 2745 recipiendum
515 2667 675 2744 delegato,
699 2685 758 2724 non
780 2666 884 2743 potuit
905 2665 1024 2725 mutari

63 2761 153 2820 illius
168 2762 355 2835 substantia,
371 2766 404 2821 et
418 2759 500 2820 sicut
514 2759 598 2819 solus
612 2759 789 2836 legislator,
802 2762 836 2818 et
847 2776 906 2820 non
918 2775 1022 2817 merua

61 2855 271 2932 magistratus
292 2857 329 2915 ad
345 2853 540 2914 materialem
563 2851 641 2929 legis
662 2852 879 2910 executionem
901 2851 1025 2928 delega-

62 2951 126 3018 tus,
148 2950 253 3023 potest
274 2965 340 3006 esse
355 2951 532 3022 competens
553 2944 690 3003 eiusdem
706 2943 873 3020 interpres,
889 2943 936 3004 ita
948 2943 1025 3004 licet

63 3040 187 3100 verbali
207 3040 418 3116 professorum
440 3037 645 3098 declarationi
667 3039 855 3113 apparenter
876 3037 1025 3098 annuerit

62 3135 281 3211 magistratus,
302 3135 360 3192 hoo
381 3131 507 3192 minime
527 3131 652 3204 sufficit,
669 3133 705 3189 ut
726 3129 832 3190 verbis
853 3130 1024 3191 iuramenti

60 3229 154 3288 detur
176 3226 399 3302 interpretatio
421 3225 546 3285 diversa
566 3225 604 3282 ab
622 3241 659 3282 ea
679 3223 919 3300 significatione,
932 3235 1024 3300 quam

62 3337 140 3396 pure
162 3325 196 3380 et
216 3319 408 3380 naturaliter
432 3316 639 3395 pronunciata
660 3317 833 3376 continent.
855 3319 1025 3378 Praevidc·

61 3417 139 3473 runt
153 3413 215 3490 ipsi
234 3413 424 3489 professores
445 3411 623 3472 scandalum
646 3427 755 3486 grave,
771 3412 852 3486 quod
873 3412 1024 3487 praebere
1121 3418 1122 3422 ’

62 3506 174 3567 debuit
188 3507 317 3567 illorum
339 3506 563 3580 iuramentum,
579 3508 613 3565 at
627 3505 736 3565 bonam
751 3504 843 3564 fldem
865 3507 952 3566 tuam
965 3505 1025 3565 cir-
