2624 4260
451 248 627 307 -193-

59 374 95 415 ac
114 355 321 415 constantiam
338 354 596 433 praeferentibus,
612 362 815 432 moerentem,
831 376 867 417 ac
881 359 1025 435 pavitan-

59 452 124 506 tem
147 465 274 524 gregem
296 466 384 508 suum
406 453 455 508 est
476 450 662 510 consolatus:
687 453 815 512 «Multi
836 445 948 511 fluctus
969 471 1024 512 ur-

59 543 136 616 gent
155 541 238 612 Nos,
262 558 435 617 gravesque
456 541 631 617 procellae;
654 546 705 602 scd
729 563 788 603 non
814 545 960 605 timemus
985 565 1023 606 ne

58 633 310 710 submergamur,
325 652 394 692 nam
409 634 441 692 in
457 637 548 710 petra
557 636 769 696 consistimus.
785 639 914 698 Saeviet
924 656 1021 712 mare,

57 731 182 802 petram
203 727 375 786 dissolvere
397 727 515 803 nequit.
538 732 709 807 Insurgant
730 731 855 802 fluctus,
877 734 946 792 lesu
970 751 1024 792 na-

57 819 181 896 rigium
196 823 378 896 demergere
393 840 453 880 non
468 826 607 896 possunt.
622 823 701 888 Quid
717 841 830 899 quaeso
846 826 1024 886 timeamus?

56 915 195 973 Mortem
212 914 263 972 nel
278 914 366 973 Mibi
380 919 488 974 uiuere
503 912 651 975 Christus
665 925 720 988 est,
738 925 768 976 et
782 922 865 976 mori
885 922 1020 980 lucrum.

55 1009 105 1066 An
130 1008 274 1081 exilium,
297 1007 346 1066 dic
367 1009 459 1067 mihi?
474 1009 606 1068 Domini
627 1017 673 1068 cst
693 1017 793 1082 terro,
810 1019 841 1070 et
851 1015 1023 1087 plenitudo

54 1103 136 1160 eius.
154 1107 204 1162 An
219 1101 407 1161 facultatum
431 1103 672 1178 publicationes?
692 1103 781 1163 Nihil
803 1103 967 1166 intulimus
989 1108 1021 1166 iu

54 1195 139 1253 hunc
162 1196 322 1268 mundum,
339 1201 519 1272 certumque
540 1201 589 1256 est
610 1215 666 1255 nos
688 1197 769 1256 nihil
789 1199 900 1258 efferre
922 1219 1021 1277 posse;

53 1288 279 1365 terribiliaque
301 1289 367 1349 eius
388 1291 495 1349 muudi
516 1290 594 1349 mihi
616 1290 775 1366 despectui
797 1295 880 1364 sunt,
895 1295 929 1352 et
943 1294 1023 1354 bona

53 1383 123 1442 risu
145 1384 252 1460 digna.
269 1385 338 1444 Non
354 1387 571 1461 paupertatem
593 1385 701 1456 timeo,
721 1403 779 1443 non
802 1385 937 1444 divitias*
952 1405 1024 1445 cou-

54 1477 200 1554 cupisco:
219 1495 277 1535 non
298 1481 430 1537 mortem
452 1481 570 1550 metuo,
587 1496 646 1536 non
670 1477 779 1535 vivere
802 1481 886 1553 opt0,
903 1478 962 1538 nisi
983 1480 1022 1538 ad

54 1570 235 1646 proiectum
256 1575 410 1631 vestrum.
434 1573 505 1630 Ideo
525 1570 704 1648 praesentia
729 1588 946 1645 commemoro,
970 1592 1024 1633 ro·
1114 1568 1121 1582 ¹

54 1681 158 1740 goque
181 1663 369 1724 charitatem
392 1669 543 1739 vestram,
557 1663 747 1725 utflduciam
769 1665 892 1724 habeat.
908 1666 1022 1726 Nullus

55 1757 174 1834 quippe
195 1759 260 1817 Nos
288 1775 434 1834 separare
455 1758 585 1835 poterit.
611 1758 699 1824 Quod
720 1757 805 1818 Deus
833 1760 1020 1830 couiuuuit,

55 1852 151 1910 bomo
181 1869 250 1911 nou
273 1861 409 1929 separet.
439 1853 473 1912 Si
501 1853 628 1928 nuptias
655 1871 716 1911 non
745 1854 833 1927 potes
861 1851 1021 1924 dirimere,

54 1957 174 2020 quanto
196 1944 298 2004 minus
312 1946 481 2005 Ecclesiam
497 1946 554 2006 Dei
569 1950 658 2023 potes
673 1945 865 2004 dissolvere?
879 1947 938 2005 Sed
954 1963 1022 2005 eam

53 2057 229 2117 oppugnas,
245 2058 314 2112 cum
330 2041 409 2100 nihil
423 2041 523 2117 possis
537 2043 661 2101 laedere
676 2060 758 2113 eum,
774 2059 865 2117 quem
878 2029 1019 2116 impetis

54 2149 168 2190 verum
191 2150 240 2191 me
261 2133 367 2192 reddis
389 2134 642 2210 splendidiorem,
659 2138 805 2210 tuamque
820 2132 884 2191 rim
903 2151 1023 2192 mecum

52 2227 222 2302 pugnando
243 2226 378 2286 deiicies.
402 2231 519 2287 Durum
542 2227 749 2304 namquetibi
762 2230 812 2303 est
832 2229 942 2284 contra
963 2226 1023 2284 sti-

52 2319 176 2379 mulum
198 2325 324 2380 acutum
343 2321 522 2380 calcitrare.
537 2324 606 2383 Non
620 2322 772 2380 obtundes
787 2319 942 2392 stimulos,
959 2319 1021 2377 imo

53 2412 209 2489 sanguine
230 2416 322 2489 pedes
336 2414 467 2488 inficieS,
482 2415 728 2492 quandoquidem
749 2415 864 2474 fluctus
885 2433 946 2472 non
969 2431 1023 2489 pe·

52 2507 139 2564 tram
169 2505 367 2581 dissolvunt,
394 2509 445 2566 sed
475 2508 535 2584 ipsi
563 2507 595 2567 in
625 2525 762 2584 spumam
793 2507 1019 2566 dissolvuntur.

51 2597 145 2658 Nihil
157 2599 297 2659 Ecclesia
311 2601 482 2677 potentius,
498 2621 516 2661 o
531 2603 635 2674 hom03
648 2602 766 2660 bellum
779 2600 865 2660 solve
877 2618 915 2658 ne
926 2599 1022 2658 robur

53 2693 213 2752 dissolvas
242 2697 342 2753 tuum.
364 2696 413 2754 Ne
438 2694 555 2752 inferas
582 2694 669 2752 caelo
697 2693 825 2752 bellum.
850 2693 883 2751 Si
904 2691 1023 2750 homini

52 2785 175 2846 bellum
187 2785 316 2860 inferas,
326 2791 381 2847 aut
392 2787 509 2861 vinces,
522 2791 578 2846 aut
592 2786 798 2862 superaberis.
813 2785 847 2845 Si
860 2784 1022 2843 ecclesiam

53 2897 228 2958 oppugnes,
251 2880 377 2940 vincere
399 2879 519 2956 nequis3
541 2879 683 2938 omnibus
705 2879 817 2955 quippe
838 2875 953 2936 fortior
974 2880 1023 2936 est

51 2974 150 3031 Deus.
173 2971 230 3030 Au
256 2975 459 3032 aemulamur
487 2971 685 3030 Dominum?
711 2972 760 3030 An
789 2969 935 3028 fortiores
964 2967 1022 3028 illo

53 3065 179 3123 sumusl
199 3067 281 3124 Deus
302 3063 387 3137 lixit,
410 3069 443 3124 et
463 3064 615 3138 firmavit,
639 3063 708 3140 quis
730 3065 896 3121 concutere
918 3063 1023 3121 tenta-

53 3157 164 3216 veriti
184 3159 253 3218 Nou
277 3157 359 3217 nosti
380 3158 533 3217 virtutem
555 3158 644 3216 eiust
664 3158 809 3233 Respicit
834 3164 965 3227 terram,
990 3162 1023 3214 ct

55 3252 234 3326 faciteam
257 3258 402 3309 tremere.
426 3251 574 3326 Imperat,
597 3253 630 3308 et
650 3268 728 3326 quae
750 3248 1020 3318 concutiebantur,

52 3344 148 3402 firma
165 3343 353 3402 consistunt.
378 3343 412 3402 si
434 3361 611 3402 concussam
627 3344 734 3402 urbem
751 3341 905 3414 firmavit,
921 3342 1022 3400 multo

53 3438 156 3514 magis
167 3436 337 3496 Ecclesiam
352 3436 478 3496 firmare
494 3436 624 3513 poterit.
641 3437 779 3496 Ecclesia
794 3438 842 3495 est
856 3436 922 3512 ipso
935 3433 1021 3495 caelo

54 3530 184 3590 fortior.
215 3527 346 3590 Caelum
374 3537 405 3588 et
433 3538 523 3588 terra
552 3531 758 3600 transibunt,
788 3530 885 3588 verbo
914 3535 1022 3586 autem

153 3650 213 3700 Vol.
232 3651 275 3698 II.
