2606 4268
272 332 331 392 niis
353 332 473 404 iuncti,
494 331 526 390 in
553 331 732 392 adulterino
754 333 959 408 perseverant
986 326 1164 397 consortio,
1188 343 1239 384 co-

273 427 386 502 gendos
398 443 464 484 esse
476 424 584 502 poenis
596 424 827 501 spiritualibus,
841 428 879 483 ut
891 421 1069 484 adulterino
1081 420 1239 480 consortio

272 519 436 590 derelicto,
452 520 489 578 ad
512 517 687 594 legitimam
708 519 839 578 redeant
858 517 1031 593 coniugem.
1048 517 1108 576 Eos
1129 519 1238 574 autem

273 611 327 686 qui
347 610 452 671 irritis
466 611 558 689 plane
580 611 788 672 matrimoniis
802 613 835 672 in
850 607 1020 672 fornicario
1034 612 1240 686 perseverant

274 704 444 776 consortio,
460 705 647 781 separandos
661 721 740 777 esse,
756 709 790 765 et
809 707 963 781 qnatenus
983 701 1239 780 impedimentum

274 797 441 874 proveniat
463 815 501 856 ex
522 797 734 858 ecclesiastico
761 798 830 858 iure
859 785 1005 869 tantum,
1031 795 1239 872 quaerendam

275 909 342 952 esse
364 891 542 952 canonicam
564 891 837 969 dispensationem.

335 988 486 1062 Sequitur
508 987 605 1046 tertia
620 987 782 1046 dubiorum
804 987 924 1047 classis.
940 986 1097 1052 Quaenam
1117 981 1241 1040 scilicet

275 1081 431 1155 postremo
453 1079 609 1139 senmntia
631 1081 764 1140 tenenda
779 1080 822 1140 sit
840 1081 878 1138 de
899 1079 950 1151 iis,
967 1077 1020 1154 qni
1041 1094 1109 1136 cum
1131 1076 1169 1134 ad
1186 1091 1241 1150 pa·

274 1174 403 1232 rochum
417 1177 473 1232 eut
487 1173 678 1250 superiorem
693 1173 870 1251 legitimum
886 1173 1078 1242 nullatenus,
1094 1173 1150 1229 aut
1164 1185 1242 1226 non·

275 1267 336 1325 nisi
348 1266 530 1326 difficillime
542 1271 598 1328 ant
610 1268 869 1344 periculosissime
879 1283 1043 1327 recurrere
1056 1261 1241 1341 possint‚vel

276 1361 396 1428 nullum
411 1361 508 1420 alium
530 1361 650 1438 possint
671 1362 759 1422 adire
774 1379 865 1438 quam
886 1361 1054 1439 parochum
1069 1355 1242 1418 iuramenti

274 1458 330 1516 aut
344 1454 569 1514 communionis
580 1454 796 1516 schismaticae
805 1453 965 1528 reum,alii
976 1469 1079 1513 coram
1088 1455 1242 1510 extraneo

274 1555 434 1614 sacerdote
446 1554 657 1625 celebrarunt,
669 1553 726 1614 alii
744 1571 847 1614 coram
865 1553 1018 1613 saeculari
1037 1551 1241 1628 magistratu.

336 1651 450 1708 Utrum
480 1647 628 1708 videlicet
656 1651 814 1724 tamquam
844 1646 955 1707 irritae
978 1663 1106 1723 prorsus
1132 1641 1243 1702 haberi

276 1742 410 1802 debeant
431 1740 557 1817 nuptiae
580 1741 803 1812 huiuscemodi,
819 1741 922 1817 sicque
945 1741 1096 1800 nubentes
1117 1737 1155 1796 ad
1180 1734 1244 1794 alia

277 1815 354 1894 v'ota
376 1834 511 1894 transire
533 1833 680 1902 velcantr
703 1838 759 1893 aut
780 1834 806 1892 si
828 1834 952 1893 foedere
974 1834 1080 1910 aliquo
1102 1829 1246 1889 vincian-

277 1931 342 1996 tur,
360 1929 466 1984 utrum
482 1925 626 1998 invitari,
642 1932 699 1986 aut
718 1927 864 2004 compelli
879 1928 1014 1986 debeant
1031 1927 1068 1986 ad
1091 1923 1245 1999 recipien-

277 2021 346 2085 dam
369 2035 477 2080 avero
499 2020 654 2080 Ecclesiae
676 2019 823 2080 ministro
839 2039 956 2081 sacram
981 2017 1177 2080 matrimonii
1192 2017 1246 2074 be-

278 2113 496 2172 nedictionem.

338 2209 376 2266 R.
394 2207 440 2264 Ad
456 2205 583 2264 dubium
600 2205 735 2274 unicum,
750 2207 951 2266 matrimonia
963 2211 1126 2267 contracta
1138 2221 1245 2266 coram

278 2298 431 2358 saeculari
453 2300 661 2375 magistratu,
683 2305 740 2359 aut
760 2316 863 2359 coram
885 2305 1037 2360 extraneo
1058 2303 1243 2366 secerdote,

279 2410 347 2452 cum
369 2394 592 2452 contrahentes
618 2393 655 2451 ad
685 2393 853 2469 parochum
874 2400 930 2453 aut
951 2393 1144 2470 superiorem
1166 2393 1248 2469 legi·

280 2487 390 2546 timum
422 2486 618 2557 nullatenus,
648 2490 704 2544 aut
732 2487 853 2544 nonnisi
883 2486 1068 2547 difficillime
1089 2505 1141 2546 seu
1162 2486 1247 2563 peri·

279 2579 471 2639 culosissime
492 2597 656 2638 recurrere
672 2581 803 2656 possint,
819 2599 885 2639 esse
907 2581 1024 2654 valide,
1042 2579 1163 2656 quoties
1185 2582 1246 2639 duo

280 2675 393 2734 saltem
415 2675 586 2734 adfuerunt
616 2679 736 2747 testes,
763 2675 855 2736 iuxta
883 2675 1089 2737 resolutiones
1118 2677 1248 2734 sanctae

280 2768 532 2846 congregationis
558 2768 689 2829 Concilii
712 2770 743 2828 in
766 2787 860 2829 cansa
880 2769 985 2846 Belgii
1014 2769 1075 2828 diei
1096 2769 1137 2829 27
1158 2769 1247 2827 Mar-

280 2861 319 2920 tii
344 2863 433 2934 1732,
449 2862 481 2920 in
503 2861 567 2922 alie
588 2861 653 2924 diei
669 2862 710 2922 30
730 2862 841 2922 Martii
865 2863 952 2932 1669,
969 2865 1002 2920 et
1017 2863 1109 2920 iuxta
1129 2860 1250 2919 resolu-

281 2956 397 3015 tionem
412 2955 666 3032 congregationis
684 2956 785 3014 sancti
799 2955 898 3015 Officii
914 2956 944 3013 in
960 2972 1053 3014 cansa
1066 2953 1249 3031 provinciae

281 3049 492 3108 Melabaricae
506 3048 566 3106 diei
588 3049 698 3107 8Maii
722 3049 810 3118 1669,
834 3047 992 3125 inquibus
1013 3047 1156 3108 adhaesit
1170 3047 1250 3106 haec

281 3142 483 3220 particularis
505 3143 707 3221 congregatio
722 3145 753 3203 in
776 3143 966 3204 resolutione
985 3145 1077 3220 capta
1098 3141 1252 3201 660216-

282 3237 326 3295 nii
349 3236 528 3312 praeteriti,
544 3235 576 3294 in
599 3239 798 3314 responsione
812 3239 849 3297 ad
865 3237 1029 3313 epistolam
1043 3234 1251 3296 Lucionensis

282 3329 416 3406 episcopi
432 3329 489 3406 (l);
502 3331 672 3390 monendos
686 3335 791 3391 tamen
806 3347 873 3389 csse
887 3332 1109 3389 contrahentes
1125 3333 1162 3388 ut
1175 3347 1253 3388 con·

345 3457 379 3513 (1)
397 3457 491 3504 Toutes
506 3457 545 3504 les
561 3457 610 3504 tols
627 3469 675 3516 qne
693 3458 758 3504 cette
774 3429 893 3503 amomis
910 3458 971 3503 e’est
986 3453 1118 3514 presentes
1127 3453 1194 3501 dens
1206 3451 1252 3500 l’d·

284 3534 355 3594 gline,
374 3535 422 3582 elle
440 3548 455 3583 a
472 3533 511 3581 ete
527 3532 628 3582 dtoidde
645 3532 676 3580 de
691 3533 718 3580 le
734 3531 813 3580 mtme
823 3531 942 3580 mentera.
961 3535 999 3580 Le
1013 3529 1099 3580 serite
1110 3530 1252 3590 mundzu-
