2624 4260
473 259 651 320 -195-

76 365 200 425 icrtare
223 383 258 424 ac
279 365 435 425 consolari
457 365 679 424 desideremus.
694 367 807 426 Omnes
826 363 909 423 enim
924 365 955 423 in
971 365 1041 424 sinu
1063 379 1070 394 ·

78 460 237 537 gerimus3
267 461 468 536 omnibusque
494 478 618 536 pacem,
645 464 678 519 ot
703 460 850 536 gaudium
871 477 890 517 a
910 460 1041 519 Domino

77 555 198 614 Nostro
222 555 290 612 iesu
312 553 439 614 Christo
468 555 688 628 adprecamur,
711 556 745 611 et
764 550 965 628 apostolicam
989 553 1043 611 be-

76 644 288 704 nedictionem
311 644 423 721 pignus
444 648 595 721 paternae
610 643 777 704 charitatis
788 646 922 705 Nostrae
937 662 1043 704 aman·

77 738 202 798 tissime
227 737 439 813 impertimur.

139 834 256 892 Datum
281 849 320 890 ex
341 831 494 892 Coenobio
517 831 724 892 carthusiano
746 830 928 892 &Cassiani
949 849 1044 908 prope

78 924 288 996 Florentiam,
311 924 367 982 sub
391 923 506 982 annulo
528 923 713 995 PiscatoriS,
737 924 786 982 die
807 926 837 983 X
857 923 1045 985 Novembris

78 1017 330 1088 MDGOXOVIII,
346 1015 553 1074 Pontificatus
567 1017 678 1077 Nostri
693 1033 773 1074 anno
786 1017 902 1076 XXIV.

412 1166 414 1172 ,
577 1111 680 1180 PIUS,
703 1109 757 1185 qui
779 1126 882 1185 supra.

355 1201 468 1277 Ioseph
482 1198 622 1261 Marctti
635 1201 691 1261 SS.
709 1202 842 1261 Domini
855 1202 967 1260 Nostri

499 1296 712 1372 ob'Epistolis
729 1295 871 1354 Latinis.

503 1488 606 1594 nux.

387 1595 455 1672 PH
481 1595 653 1672 PAPAE
682 1595 747 1672 VI.

221 1775 272 1832 nn
295 1771 560 1833 succussoars
582 1773 648 1832 sur
676 1771 904 1832 nnncrrorm

291 1867 564 1926 ooNsrrrurro
587 1865 755 1924 Aurana
777 1863 833 1942 (1).

180 2028 264 2085 Pius
285 2027 493 2096 Episcopus,
508 2027 647 2082 Servum
668 2025 845 2082 Servorum
866 2025 948 2094 Dei,

279 2122 324 2178 ad
345 2123 547 2190 perpetuam
570 2118 621 2176 rei
643 2118 852 2176 memoriam.

141 2295 242 2359 Quum
270 2295 351 2366 Nos,-
375 2293 527 2370 superiori
556 2313 657 2368 anno,
680 2295 892 2353 invalescente
920 2293 953 2370 in
973 2292 1038 2353 dies

78 2386 279 2445 inimicorum
300 2388 488 2448 Nostrorum
504 2387 741 2463 potentiacum
763 2387 913 2445 inlocum
928 2389 1042 2446 Roma-

79 2497 155 2540 nam
177 2480 346 2541 Eoclesiam
369 2482 534 2539 adductam
557 2480 746 2553 videremus
768 2484 803 2540 ut
824 2479 927 2538 omnia
947 2479 1045 2540 Nobis

77 2575 250 2634 metuenda
260 2577 364 2632 essent
379 2591 457 2649 quae
471 2573 509 2632 ad
524 2572 590 2631 eius
606 2573 784 2632 libertatem
801 2572 1044 2649 extinguendam

78 2667 293 2743 pertinerent,
311 2666 390 2724 nihil
406 2671 470 2724 tam
486 2667 689 2725 vehementer
710 2665 941 2742 pertimuimus,
951 2681 1043 2739 quam

79 2778 140 2832 ne,
163 2764 295 2820 vacante
328 2763 399 2836 post
426 2760 545 2819 obitum
572 2762 724 2821 Nostrum
746 2761 824 2818 Sede
851 2757 1042 2834 Apostolioa,

79 2852 243 2928 impeditis
270 2870 325 2929 per
349 2851 415 2909 vim
438 2854 494 2912 aut
520 2853 714 2929 perturbatis
743 2850 878 2910 comitiis
906 2849 1043 2925 quaeda

80 2948 268 3006 Successore
289 2948 405 3007 Nostro
427 2945 570 3022 eligendo
591 2946 699 3004 futura
720 2947 805 3017 suut,
825 2951 881 3004 aut
902 2943 1045 3019 impossi-

147 3099 181 3156 (1)
199 3100 288 3146 Altera
303 3101 366 3146 haec
384 3100 530 3146 constitutio
542 3099 611 3146 edita
621 3101 672 3146 init
681 3100 830 3158 rogantibus
840 3098 970 3162 nonnuliis
984 3099 1044 3147 (iar-

81 3173 229 3232 dinaiibns,
248 3176 273 3220 et
287 3175 411 3233 Episcopo
432 3173 554 3220 Michaele
571 3177 607 3220 De
619 3177 709 3234 Petro,
727 3175 771 3233 qui
793 3179 887 3223 Romae
903 3175 1046 3233 Apostolici

81 3249 194 3308 delegati
209 3263 312 3296 munere
328 3249 491 3306 fungebatur.
510 3251 557 3295 His
573 3251 640 3296 enim
655 3251 725 3309 prior
741 3251 828 3300 eadem
844 3264 920 3310 super
930 3263 958 3297 rc
976 3251 1046 3299 edita

82 3325 232 3372 constitutio
250 3326 375 3371 sufficiens
400 3337 450 3371 non
471 3323 622 3383 videbatur,
640 3329 774 3386 postquam
789 3327 851 3375 Pius
867 3329 902 3375 VI
919 3326 1044 3374 abductus

81 3401 168 3448 fuerat
183 3403 212 3447 in
229 3401 411 3458 captivitatem,
429 3401 454 3446 at
471 3401 589 3457 graviora
609 3405 699 3464 contra
722 3416 780 3450 enm
796 3405 828 3450 ab
844 3403 952 3449 inimicis
969 3403 1046 3449 arant

82 3475 248 3535 expectanda.
266 3477 307 3522 Ita
323 3477 412 3522 narrat
427 3477 517 3520 Petrus
533 3475 694 3527 Baldassanri
710 3479 788 3537 (quod
804 3480 920 3538 superius
930 3490 987 3537 pag.
1000 3477 1046 3524 144

83 3553 191 3598 citatum
207 3553 257 3605 est)
271 3552 332 3598 tom.
350 3551 374 3597 8.
391 3563 466 3609 pagg.
485 3551 647 3600 51-141-150.

928 3640 945 3672 a
