2606 4268
687 269 844 328 ...78-

324 380 459 441 Nostrae
485 381 591 438 autem
618 377 777 454 voluptati
802 396 914 454 magna
941 377 1037 437 etiam
1065 374 1147 434 facta
1174 392 1229 434 ac·

265 472 361 534 cessio
383 474 444 545 est,
467 470 518 530 ubi
546 488 586 529 ox
611 470 719 531 citatis
741 469 861 530 litteris
882 471 967 532 clare
989 469 1228 547 perspeximus,

266 567 415 627 dilectum
446 565 656 626 marchionem
690 583 765 643 opus
792 565 967 625 huiusmodi
997 567 1161 624 vehemens
1193 565 1230 622 et

267 680 364 739 grave
386 659 417 720 in
440 678 472 719 se
501 658 720 735 suscipientem
752 659 905 720 arbitrari
926 659 958 718 in
980 659 1012 718 id
1038 657 1229 736 praesertim

266 755 428 814 nitendum
449 753 509 812 sibi
530 770 597 812 esse
618 757 712 828 atque
733 751 992 826 incumbendum,
1016 750 1052 811 rit
1071 749 1230 810 catholica

266 848 459 908 restituatur
480 845 603 922 religio,
627 839 763 922 imperii⁴
774 846 856 906 basis
877 865 912 906 ac
930 845 1178 916 fundamentum
1195 846 1231 904 et

267 943 346 1002 hano
361 943 459 1016 ipsam
482 941 519 1000 ob
540 958 664 1000 causam
680 941 800 1017 abipso
821 940 1013 1000 considerari
1028 957 1063 1000 ac
1077 936 1230 1015 perpendi

267 1034 456 1112 gravissima
476 1032 534 1094 illa
555 1033 757 1105 detrimenta,
770 1052 847 1110 quae
869 1033 960 1093 illata
973 1034 1124 1093 hactenns
1138 1034 1227 1104 sunt,

266 1146 404 1204 quaeque
418 1127 600 1186 inferuntur
621 1125 759 1204 quotidie
774 1127 944 1203 praedictis
959 1127 1106 1188 catholici
1127 1123 1230 1202 regii-

265 1240 323 1298 que
338 1222 496 1282 cxcroitua
511 1221 666 1282 militibus
681 1241 700 1282 a
713 1222 836 1282 Guillot
850 1223 887 1280 de
902 1221 1070 1282 Folleville
1091 1221 1228 1297 parocho

267 1315 403 1388 Dolensi‚
418 1317 491 1374 dum
513 1318 550 1375 ad
566 1335 599 1375 se
611 1333 721 1392 rapere
736 1334 830 1377 ausus
851 1318 899 1374 est
921 1333 1030 1374 nomen
1053 1313 1230 1374 auctorita·

267 1412 390 1486 temque
412 1409 547 1486 episcopi
567 1412 689 1486 Agnae,
705 1412 739 1469 et
760 1409 880 1469 Vicarii
900 1407 1076 1486 apostolici,
1093 1409 1227 1482 dumque

266 1504 429 1580 utriusque
451 1504 589 1564 muneris
611 1505 785 1563 huiusmodi
807 1503 939 1564 nulliter
964 1504 1108 1564 exercuit
1128 1500 1229 1560 officia

265 1596 360 1656 etiam
382 1600 451 1672 post
471 1598 603 1657 Nostras
617 1597 649 1655 in
665 1596 765 1656 forma
784 1597 897 1656 Brevis
911 1597 1039 1656 litteras
1053 1595 1096 1675 (l)
1109 1596 1173 1654 diei
1188 1595 1226 1654 31

267 1691 336 1751 iulii
360 1691 497 1749 eiusdem
519 1691 593 1750 anni
616 1691 715 1764 1793,
739 1690 851 1768 quibus
878 1691 1036 1767 episcopos
1064 1695 1097 1750 et
1118 1690 1227 1748 fideles

267 1784 454 1854 monuimus,
475 1786 511 1842 ut
525 1803 543 1842 a
558 1783 686 1859 parochi
701 1783 793 1843 huius
814 1784 976 1844 fraudibus
988 1784 1047 1844 sibi
1062 1785 1225 1853 caverent,

266 1879 425 1954 eidemque
454 1879 589 1952 parocho
616 1877 857 1952 imperavimus,
880 1883 916 1936 ut
943 1879 1030 1937 nulla
1057 1878 1228 1937 interiecta

264 1989 353 2031 mora
374 1975 537 2046 utramque
553 1970 739 2047 dignitatem
755 1975 873 2030 temere
885 1974 1066 2048 occupatam
1081 1974 1225 2030 exueret.

264 2067 383 2124 Horum
411 2065 592 2123 damnorum
619 2065 755 2138 intuitu,
785 2084 862 2142 quae
890 2065 941 2124 vel
968 2065 1028 2141 ipsi
1050 2065 1226 2126 Galliarum

266 2158 426 2218 antistites
441 2157 472 2216 in
495 2157 599 2218 insula
619 2159 787 2218 Caesareae
806 2165 1034 2217 commorantes
1056 2157 1115 2217 sibi
1130 2175 1227 2234 expo·
1283 2177 1284 2198 l

265 2255 408 2326 suerunt,
431 2251 564 2327 ingenue
585 2251 725 2310 Marchio
748 2251 928 2328 profitetur,
951 2271 967 2310 e
993 2254 1093 2310 medio
1111 2251 1227 2311 tollen·

265 2345 334 2402 dam
357 2345 480 2402 omnino
509 2362 575 2402 esse
601 2343 787 2420 sacrilegam
815 2344 1006 2402 invasionem
1035 2344 1225 2417 huiusmodi3
1283 2349 1284 2357 ’

265 2437 338 2496 hino
352 2437 417 2513 ipse
439 2437 565 2496 minime
580 2437 738 2513 dubitans,
758 2442 965 2498 memoratum
978 2439 1102 2498 Guillot
1117 2443 1226 2498 natum

264 2529 295 2588 in
319 2528 451 2588 dioecesi
473 2531 610 2602 Dolensi‚
628 2535 660 2589 et·
680 2532 834 2590 rectorem
855 2531 988 2591 alterins
1009 2549 1048 2590 ex
1069 2532 1226 2608 parochiis
1282 2517 1283 2603 l

265 2621 401 2682 eiusdem
422 2621 565 2682 civitatis
586 2623 691 2700 fugam
712 2627 914 2700 arrepturum
935 2623 1044 2683 statim
1065 2628 1160 2700 atque
1177 2625 1226 2684 le·

265 2715 409 2794 gitimum
431 2719 588 2793 pastorem
603 2735 692 2776 suum
713 2717 922 2794 conspiceret,
946 2720 1055 2777 auctor
1077 2718 1135 2778 tibi
1148 2716 1224 2791 fuit,

265 2814 301 2869 ut
317 2829 377 2869 una
398 2829 500 2870 secum
524 2813 555 2870 te
576 2811 607 2868 in
629 2810 828 2871 Britanniam
850 2811 1026 2884 conferres3
1049 2813 1136 2871 ouius
1150 2814 1226 2889 qni·
1281 2813 1282 2847 l

265 2905 333 2961 dem
350 2904 507 2963 voluntati
523 2905 570 2964 ita
588 2904 685 2964 alacri
702 2908 904 2981 promptoque
918 2906 1022 2964 animo
1036 2924 1068 2964 es
1082 2923 1226 2966 assensus

265 3015 321 3072 pro
343 3001 397 3055 tuo
417 2999 449 3056 in
472 2997 656 3074 religionem
680 2999 801 3073 studio,
825 3003 863 3058 ut
884 3003 966 3058 omni
988 3017 1094 3058 rerum
1115 2999 1226 3060 discri-

263 3089 347 3148 mine
369 3091 546 3167 posthabito
579 3091 621 3150 sis
653 3091 728 3150 illue
762 3111 823 3152 una
850 3111 919 3151 eum
947 3093 1126 3172 Marchione
1162 3093 1225 3154 iam

264 3181 328 3240 iter
342 3201 519 3259 aggressus.
536 3184 700 3261 Significas
728 3204 816 3256 vero,
833 3186 1023 3246 assentiente
1038 3185 1135 3246 etiam
1156 3187 1223 3264 ipso

263 3275 463 3347 marchione,
487 3277 658 3338 catholicas
671 3280 843 3356 ,regiasque
876 3280 1013 3339 militum
1038 3280 1141 3356 copias
1164 3298 1224 3340 non

264 3385 385 3444 semper
406 3369 437 3426 in
460 3372 516 3428 tua
537 3369 670 3429 dioecesi
690 3389 922 3448 permansuras,
940 3372 973 3430 in
996 3390 1056 3448 qua
1077 3372 1125 3431 uti
1146 3373 1223 3451 legi·

264 3461 360 3521 timus
382 3466 489 3539 pastor
510 3463 672 3540 spirituali
699 3464 916 3525 iurisdictione
937 3465 1093 3542 polleres,
1116 3468 1169 3526 sed
1192 3467 1223 3526 in
1278 3519 1279 3524 ,

325 3577 361 3633 (1)
378 3575 435 3624 vid.
453 3589 509 3636 sup.
526 3589 583 3636 pag.
602 3579 641 3624 86.
