2632 4262
651 243 688 256 -
709 211 769 270 264
792 241 829 256 ..

320 317 385 383 Qua
406 317 530 394 quidem
559 318 590 377 in
613 335 647 376 re
669 316 742 393 quid
769 334 826 374 non
857 319 906 376 est
927 317 965 377 ab
986 334 1021 375 co
1042 319 1229 392 susceptum

258 411 352 485 atque
374 410 561 486 perfectum,
583 411 614 469 in
637 428 696 487 quo
724 429 783 469 non
805 410 942 470 omnium
968 409 1229 488 expectationem

260 501 397 562 viceritl
419 506 519 564 Erant
539 504 601 566 iarn
623 507 699 564 tunc
721 508 885 581 tempora,
909 504 1020 580 quibus
1040 503 1190 563 homines
1212 521 1229 562 e

262 596 371 670 quovis
401 615 513 675 genere
541 597 771 674 perditissimi,
794 601 921 675 arrepto
945 616 1042 674 nuper
1065 598 1227 669 honesto,

263 707 343 748 nunc
365 692 401 750 ad
424 708 513 750 omne
534 691 636 750 scelus
658 694 691 750 et
710 691 866 768 flagitium
888 691 1058 768 composito
1079 690 1229 748 Philoso-

261 787 394 862 phorum
416 787 561 862 nomine,
583 787 762 865 imperitam
783 787 1019 847 multitudinem
1045 785 1227 847 teterrimis

262 879 384 939 artibus
406 882 443 940 ad
466 881 678 958 decipiendam
707 886 799 959 atque
822 885 858 941 de
881 882 963 940 omni
986 878 1078 939 officii
1099 898 1137 939 ac
1159 879 1228 938 rir-

262 974 342 1032 tutis
364 975 417 1035 via
438 975 641 1038 deliniendam
669 977 943 1055 aggrediebantur.
967 977 1056 1037 Nihil
1086 976 1151 1035 iam
1177 975 1228 1033 in-

191 1086 195 1094 ·
262 1068 421 1127 tentatum
450 1068 709 1147 relinquebatur,
738 1089 799 1147 quo
835 1069 1015 1130 Catholicae
1044 1066 1226 1145 Religionis

262 1178 363 1235 amor,
379 1164 530 1240 studium,
547 1167 650 1225 cultus
672 1165 710 1224 ab
727 1165 840 1225 animis
854 1164 991 1224 omnium
1006 1165 1224 1234 demerentur3

263 1255 366 1330 nihil,
390 1249 449 1334 quo
471 1260 501 1317 in
524 1260 708 1319 Sacerdotes
737 1259 868 1319 infamia
889 1262 922 1318 et
942 1257 1063 1316 invidia
1087 1257 1226 1333 undique

262 1349 473 1425 conflaretur3
497 1353 588 1425 nihil,
611 1371 671 1430 quo
691 1351 930 1429 quamplurimis
949 1351 1019 1410 fleri
1034 1353 1140 1426 posset
1155 1366 1227 1426 per·

264 1445 466 1516 suaderetur,
491 1447 611 1506 nullum
634 1461 778 1522 umquam
800 1445 920 1519 fuisse,
942 1447 998 1506 aut
1017 1462 1085 1502 esse
1106 1445 1224 1526 Deum3

263 1537 356 1612 atque
378 1539 434 1598 has
455 1557 560 1598 omnes
583 1541 619 1598 de
640 1543 702 1599 Deo
717 1542 749 1598 et
763 1539 928 1616 Religione
944 1536 1145 1598 narrationes
1160 1535 1227 1594 ine·
1302 1593 1303 1614 ,

263 1631 334 1704 ptas
355 1649 421 1691 esse
443 1637 536 1710 atque
558 1634 658 1692 aniles
679 1634 814 1706 fabulas,
830 1651 962 1717 quarum
984 1631 1100 1708 pudere
1121 1647 1158 1688 ae
1179 1628 1226 1705 pi-

264 1739 338 1798 gere
360 1725 566 1803 Philosophus
586 1731 765 1804 oporteret:
782 1728 905 1804 iamque
921 1743 1012 1786 unam
1028 1741 1095 1783 esse
1110 1721 1224 1782 salutis

263 1819 297 1874 et
318 1818 416 1876 totius
437 1819 578 1896 reliquae
600 1820 764 1881 felicitatis
785 1838 870 1897 spem
893 1823 985 1895 atque
1009 1818 1110 1888 viam,
1127 1817 1155 1875 si
1170 1817 1225 1874 ho-

264 1907 363 1969 mines
384 1911 621 1989 intelligerent,
645 1932 711 1974 sese
733 1933 831 1990 aequo
853 1917 942 1973 natos
964 1929 1030 1970 esse
1052 1911 1144 1982 iure,
1168 1927 1225 1968 nec

264 2021 448 2080 quemquam
471 2005 538 2064 sive
559 2009 669 2080 Deum,
692 2007 759 2066 sive
780 2006 935 2065 hominem
959 2023 1038 2078 esse,
1056 2004 1109 2080 qui
1123 2004 1155 2062 in
1172 2021 1225 2062 eos

265 2097 418 2158 dominari
448 2104 571 2177 posset:
603 2119 670 2160 eam
697 2118 762 2159 esse
790 2097 967 2158 hominihus
993 2098 1176 2157 libertatem
1207 2114 1225 2155 a

264 2195 380 2273 natura
400 2194 572 2268 tributam,
595 2213 662 2255 eam
684 2197 717 2253 et
739 2193 981 2264 vindicandam,
1004 2197 1037 2250 et
1059 2191 1135 2250 totis
1156 2207 1225 2248 esse

264 2284 386 2344 viribus
414 2287 621 2346 asserendam.
646 2287 713 2345 Huc
735 2289 767 2344 et
788 2285 999 2346 clandestinae
1028 2283 1225 2360 perditorum

264 2377 424 2436 hominum
446 2380 538 2438 statis
559 2383 626 2438 tum
650 2381 738 2453 locis,
755 2385 822 2440 tum
838 2380 1031 2457 temporibus
1052 2379 1224 2449 coitiones3

264 2473 298 2530 et
319 2471 562 2532 innumerabiles
583 2473 784 2550 pestiferique
806 2474 882 2534 libri
904 2475 942 2533 ab
963 2471 1136 2549 impietatis
1151 2470 1227 2530 lati-

264 2565 347 2624 bulis
367 2571 583 2642 erumpentes,
607 2568 756 2646 novisque
778 2569 815 2627 ad
838 2568 1038 2628 alliciendum
1059 2564 1226 2626 lenociniis

265 2659 414 2736 perpoliti
441 2662 645 2738 spectabant,
669 2663 728 2721 huc
756 2663 976 2740 pertinebant:
1007 2662 1082 2719 haec
1105 2677 1225 2719 summa

266 2756 412 2812 votorum
427 2757 498 2813 erat
513 2772 611 2813 novae
625 2753 719 2812 huius
736 2758 804 2814 tota
818 2757 942 2830 Europa
956 2753 1136 2813 bacchantis
1149 2752 1225 2810 Phi-

265 2844 434 2920 losophiae.
459 2847 584 2922 lamque
606 2864 656 2906 res
677 2848 753 2905 adeo
776 2851 982 2923 processerat,
1006 2851 1042 2906 ut
1063 2846 1156 2923 plane
1177 2844 1224 2902 in·

266 2939 481 3015 telligerctur,
502 2937 581 3002 nihil
603 2942 632 3001 ei
654 2960 713 3000 non
736 2959 802 3000 esse
816 2944 1027 3013 metuendum,
1043 2940 1097 3016 qui
1112 2943 1223 2998 contra

265 3032 366 3090 obniti
389 3033 505 3106 vellet3
528 3039 560 3092 et
582 3053 641 3110 quo
662 3035 791 3112 quisque
812 3034 926 3092 ceteris
952 3037 1008 3093 aut
1029 3033 1222 3093 auctoritate

265 3128 443 3199 praestaret
471 3129 526 3184 aut
551 3126 729 3203 dignitate,
753 3129 811 3186 hoc
840 3127 869 3184 ei
895 3127 994 3202 magis
1023 3116 1223 3185 metuendum

266 3233 344 3275 esse.
658 3265 660 3270 .

326 3312 359 3368 In
382 3311 439 3369 hac
462 3313 552 3370 tanta
571 3316 604 3371 et
624 3329 729 3371 rerum
752 3313 887 3371 omnium
910 3297 1168 3390 perturbatione,
1190 3315 1223 3371 et

265 3421 386 3462 morum
416 3405 704 3480 sententiarumque
734 3407 939 3483 corruptela,
966 3425 1059 3483 quum
1088 3407 1165 3465 Pius
1193 3423 1223 3464 se

267 3515 361 3556 unum
383 3515 449 3557 esse
471 3497 685 3574 intelligeret,
708 3497 739 3555 in
761 3517 851 3574 quem
874 3499 1068 3576 potissimum
1096 3503 1223 3577 propter
