<?xml version="1.0" encoding="UTF-8"?>
<!DOCTYPE html PUBLIC "-//W3C//DTD XHTML 1.0 Transitional//EN"
    "http://www.w3.org/TR/xhtml1/DTD/xhtml1-transitional.dtd">
<html xmlns="http://www.w3.org/1999/xhtml" xml:lang="en" lang="en">
 <head>
  <title>
</title>
<meta http-equiv="Content-Type" content="text/html;charset=utf-8" />
  <meta name='ocr-system' content='tesseract 3.04.00' />
  <meta name='ocr-capabilities' content='ocr_page ocr_carea ocr_par ocr_line ocrx_word'/>
</head>
<body>
  <div class='ocr_page' id='page_1' title='image "./piivipontmaxact02piusgoog_0337.png"; bbox 0 0 2632 4262; ppageno 0'>
   <div class='ocr_carea' id='block_1_1' title="bbox 462 295 678 358">
    <p class='ocr_par' dir='ltr' id='par_1_1' title="bbox 462 295 678 358">
     <span class='ocr_line' id='line_1_1' title="bbox 462 295 678 358; baseline 0 -1"><span class='ocrx_word' id='word_1_1' title='bbox 462 295 678 358; x_wconf 76' lang='lat'><strong>‘-325-</strong></span> 
     </span>
    </p>
   </div>
   <div class='ocr_carea' id='block_1_2' title="bbox 102 401 1069 567">
    <p class='ocr_par' dir='ltr' id='par_1_2' title="bbox 102 401 1069 567">
     <span class='ocr_line' id='line_1_2' title="bbox 160 401 1069 482; baseline 0.008 -20"><span class='ocrx_word' id='word_1_2' title='bbox 160 401 352 462; x_wconf 88' lang='lat' dir='ltr'><strong>Nazianzeni</strong></span> <span class='ocrx_word' id='word_1_3' title='bbox 383 402 622 481; x_wconf 85' lang='lat' dir='ltr'><strong>Archiepisccpi</strong></span> <span class='ocrx_word' id='word_1_4' title='bbox 657 405 763 482; x_wconf 89' lang='lat' dir='ltr'><strong>lapsus</strong></span> <span class='ocrx_word' id='word_1_5' title='bbox 796 408 830 465; x_wconf 93' lang='lat' dir='ltr'><strong>et</strong></span> <span class='ocrx_word' id='word_1_6' title='bbox 866 405 1069 469; x_wconf 86' lang='lat' dir='ltr'><strong>retractatio.</strong></span> 
     </span>
     <span class='ocr_line' id='line_1_3' title="bbox 102 492 404 567; baseline 0 -13"><span class='ocrx_word' id='word_1_7' title='bbox 102 495 145 554; x_wconf 93' lang='lat' dir='ltr'><strong>II.</strong></span> <span class='ocrx_word' id='word_1_8' title='bbox 161 492 233 567; x_wconf 91' lang='grc'><strong>208,</strong></span> <span class='ocrx_word' id='word_1_9' title='bbox 245 495 318 567; x_wconf 84' lang='grc'><strong>247,</strong></span> <span class='ocrx_word' id='word_1_10' title='bbox 334 495 404 555; x_wconf 84' lang='grc'><strong>248.</strong></span> 
     </span>
    </p>
   </div>
   <div class='ocr_carea' id='block_1_3' title="bbox 156 587 1069 680">
    <p class='ocr_par' dir='ltr' id='par_1_3' title="bbox 156 587 1069 680">
     <span class='ocr_line' id='line_1_4' title="bbox 156 587 1069 680; baseline 0.008 -32"><span class='ocrx_word' id='word_1_11' title='bbox 156 587 292 680; x_wconf 81' lang='lat' dir='ltr'><strong>¹Nuntiis</strong></span> <span class='ocrx_word' id='word_1_12' title='bbox 307 588 510 664; x_wconf 82' lang='lat' dir='ltr'><strong>Apostolicis,</strong></span> <span class='ocrx_word' id='word_1_13' title='bbox 525 588 699 650; x_wconf 87' lang='lat' dir='ltr'><strong>intercluso</strong></span> <span class='ocrx_word' id='word_1_14' title='bbox 720 592 758 650; x_wconf 92' lang='lat' dir='ltr'><strong>ad</strong></span> <span class='ocrx_word' id='word_1_15' title='bbox 780 590 993 668; x_wconf 82' lang='lat' dir='ltr'><strong>Apostolicum</strong></span> <span class='ocrx_word' id='word_1_16' title='bbox 1011 593 1069 654; x_wconf 91' lang='lat' dir='ltr'><strong>Se·</strong></span> 
     </span>
    </p>
   </div>
   <div class='ocr_carea' id='block_1_4' title="bbox 99 681 1068 837">
    <p class='ocr_par' dir='ltr' id='par_1_4' title="bbox 99 681 1068 837">
     <span class='ocr_line' id='line_1_5' title="bbox 99 681 1068 764; baseline 0.01 -25"><span class='ocrx_word' id='word_1_17' title='bbox 99 681 172 740; x_wconf 91' lang='lat' dir='ltr'><strong>dem</strong></span> <span class='ocrx_word' id='word_1_18' title='bbox 186 681 409 760; x_wconf 90' lang='lat' dir='ltr'><strong>Episcopurum</strong></span> <span class='ocrx_word' id='word_1_19' title='bbox 432 683 533 758; x_wconf 90' lang='lat' dir='ltr'><strong>aditu,</strong></span> <span class='ocrx_word' id='word_1_20' title='bbox 550 683 717 746; x_wconf 72' lang='lat' dir='ltr'><strong>facultates</strong></span> <span class='ocrx_word' id='word_1_21' title='bbox 732 685 981 764; x_wconf 84' lang='lat' dir='ltr'><strong>subdelegandae</strong></span> <span class='ocrx_word' id='word_1_22' title='bbox 995 705 1068 748; x_wconf 92' lang='lat' dir='ltr'><strong>con-</strong></span> 
     </span>
     <span class='ocr_line' id='line_1_6' title="bbox 99 775 413 837; baseline 0.006 -4"><span class='ocrx_word' id='word_1_23' title='bbox 99 775 267 835; x_wconf 89' lang='lat' dir='ltr'><strong>ceduntur.</strong></span> <span class='ocrx_word' id='word_1_24' title='bbox 285 777 325 836; x_wconf 93' lang='grc' dir='ltr'><strong>ΙΙ.</strong></span> <span class='ocrx_word' id='word_1_25' title='bbox 345 777 413 837; x_wconf 85' lang='grc'><strong>170.</strong></span> 
     </span>
    </p>
   </div>
   <div class='ocr_carea' id='block_1_5' title="bbox 99 868 1125 1026">
    <p class='ocr_par' dir='ltr' id='par_1_5' title="bbox 99 868 1125 1026">
     <span class='ocr_line' id='line_1_7' title="bbox 161 868 1125 948; baseline -0.002 -18"><span class='ocrx_word' id='word_1_26' title='bbox 161 869 299 946; x_wconf 76' lang='lat' dir='ltr'><strong>Nuptiae</strong></span> <span class='ocrx_word' id='word_1_27' title='bbox 313 870 480 944; x_wconf 81' lang='lat' dir='ltr'><strong>solemnes,</strong></span> <span class='ocrx_word' id='word_1_28' title='bbox 496 887 556 929; x_wconf 92' lang='lat' dir='ltr'><strong>nou</strong></span> <span class='ocrx_word' id='word_1_29' title='bbox 568 869 857 948; x_wconf 85' lang='lat' dir='ltr'><strong>privatae‚quaudo</strong></span> <span class='ocrx_word' id='word_1_30' title='bbox 874 871 994 932; x_wconf 88' lang='lat' dir='ltr'><strong>vetitae</strong></span> <span class='ocrx_word' id='word_1_31' title='bbox 1010 868 1067 929; x_wconf 91' lang='lat' dir='ltr'><strong>du·</strong></span> <span class='ocrx_word' id='word_1_32' title='bbox 1117 882 1125 901; x_wconf 80' lang='lat'><strong><em>¹</em></strong></span> 
     </span>
     <span class='ocr_line' id='line_1_8' title="bbox 99 963 519 1026; baseline 0.005 -4"><span class='ocrx_word' id='word_1_33' title='bbox 99 964 193 1023; x_wconf 87' lang='lat' dir='ltr'><strong>rante</strong></span> <span class='ocrx_word' id='word_1_34' title='bbox 214 963 393 1024; x_wconf 88' lang='lat' dir='ltr'><strong>schismate.</strong></span> <span class='ocrx_word' id='word_1_35' title='bbox 410 965 450 1024; x_wconf 90' lang='lat'><strong>11.</strong></span> <span class='ocrx_word' id='word_1_36' title='bbox 468 967 519 1026; x_wconf 85' lang='lat'><strong>47.</strong></span> 
     </span>
    </p>
   </div>
   <div class='ocr_carea' id='block_1_6' title="bbox 572 1123 599 1178">
    <p class='ocr_par' dir='ltr' id='par_1_6' title="bbox 572 1123 599 1178">
     <span class='ocr_line' id='line_1_9' title="bbox 572 1123 599 1178; baseline 0 0"><span class='ocrx_word' id='word_1_37' title='bbox 572 1123 599 1178; x_wconf 90' lang='lat'><strong>0</strong></span> 
     </span>
    </p>
   </div>
   <div class='ocr_carea' id='block_1_7' title="bbox 98 1245 1069 2266">
    <p class='ocr_par' dir='ltr' id='par_1_7' title="bbox 98 1245 1068 1590">
     <span class='ocr_line' id='line_1_10' title="bbox 161 1245 1067 1324; baseline 0.002 -20"><span class='ocrx_word' id='word_1_38' title='bbox 161 1245 380 1306; x_wconf 79' lang='lat' dir='ltr'><strong>ordinationis</strong></span> <span class='ocrx_word' id='word_1_39' title='bbox 395 1263 501 1307; x_wconf 87' lang='lat' dir='ltr'><strong>sacrae</strong></span> <span class='ocrx_word' id='word_1_40' title='bbox 516 1248 681 1323; x_wconf 88' lang='lat' dir='ltr'><strong>aquodam</strong></span> <span class='ocrx_word' id='word_1_41' title='bbox 695 1245 818 1307; x_wconf 88' lang='lat' dir='ltr'><strong>intruso</strong></span> <span class='ocrx_word' id='word_1_42' title='bbox 828 1247 982 1324; x_wconf 80' lang='lat' dir='ltr'><strong>Episcopo</strong></span> <span class='ocrx_word' id='word_1_43' title='bbox 996 1264 1067 1324; x_wconf 89' lang='lat' dir='ltr'><strong>per-</strong></span> 
     </span>
     <span class='ocr_line' id='line_1_11' title="bbox 98 1339 1067 1407; baseline 0.001 -7"><span class='ocrx_word' id='word_1_44' title='bbox 98 1342 191 1400; x_wconf 88' lang='lat' dir='ltr'><strong>actae</strong></span> <span class='ocrx_word' id='word_1_45' title='bbox 216 1339 366 1400; x_wconf 85' lang='lat' dir='ltr'><strong>validitas</strong></span> <span class='ocrx_word' id='word_1_46' title='bbox 386 1339 418 1400; x_wconf 91' lang='lat' dir='ltr'><strong>in</strong></span> <span class='ocrx_word' id='word_1_47' title='bbox 441 1339 568 1400; x_wconf 90' lang='lat' dir='ltr'><strong>dubium</strong></span> <span class='ocrx_word' id='word_1_48' title='bbox 597 1345 777 1400; x_wconf 86' lang='lat' dir='ltr'><strong>revocatur.</strong></span> <span class='ocrx_word' id='word_1_49' title='bbox 802 1342 842 1402; x_wconf 91' lang='grc' dir='ltr'><strong>ΙΙ.</strong></span> <span class='ocrx_word' id='word_1_50' title='bbox 867 1341 936 1400; x_wconf 86' lang='lat'><strong>137.</strong></span> <span class='ocrx_word' id='word_1_51' title='bbox 953 1340 1067 1407; x_wconf 89' lang='lat' dir='ltr'><strong>-Qnid</strong></span> 
     </span>
     <span class='ocr_line' id='line_1_12' title="bbox 99 1432 1068 1513; baseline -0.001 -19"><span class='ocrx_word' id='word_1_52' title='bbox 99 1433 253 1494; x_wconf 84' lang='lat' dir='ltr'><strong>Pontifex</strong></span> <span class='ocrx_word' id='word_1_53' title='bbox 277 1432 496 1510; x_wconf 89' lang='lat' dir='ltr'><strong>inquirendum</strong></span> <span class='ocrx_word' id='word_1_54' title='bbox 522 1433 661 1494; x_wconf 88' lang='lat' dir='ltr'><strong>iusserit.</strong></span> <span class='ocrx_word' id='word_1_55' title='bbox 686 1434 763 1494; x_wconf 91' lang='lat' dir='ltr'><strong>Ibid.</strong></span> <span class='ocrx_word' id='word_1_56' title='bbox 779 1435 886 1513; x_wconf 92' lang='lat' dir='ltr'><strong>-quid</strong></span> <span class='ocrx_word' id='word_1_57' title='bbox 917 1436 1068 1496; x_wconf 82' lang='lat' dir='ltr'><strong>decreve-</strong></span> 
     </span>
     <span class='ocr_line' id='line_1_13' title="bbox 101 1529 247 1590; baseline -0.007 0"><span class='ocrx_word' id='word_1_58' title='bbox 101 1529 159 1590; x_wconf 92' lang='lat' dir='ltr'><strong>rit.</strong></span> <span class='ocrx_word' id='word_1_59' title='bbox 178 1529 247 1589; x_wconf 86' lang='lat'>153.</span> 
     </span>
    </p>

    <p class='ocr_par' dir='ltr' id='par_1_8' title="bbox 99 1622 1069 2266">
     <span class='ocr_line' id='line_1_14' title="bbox 162 1622 1069 1700; baseline -0.002 -18"><span class='ocrx_word' id='word_1_60' title='bbox 162 1623 241 1683; x_wconf 90' lang='lat' dir='ltr'><strong>Olea</strong></span> <span class='ocrx_word' id='word_1_61' title='bbox 255 1639 346 1683; x_wconf 88' lang='lat' dir='ltr'><strong>sacra</strong></span> <span class='ocrx_word' id='word_1_62' title='bbox 360 1624 393 1682; x_wconf 90' lang='lat' dir='ltr'><strong>et</strong></span> <span class='ocrx_word' id='word_1_63' title='bbox 405 1623 436 1683; x_wconf 86' lang='lat' dir='ltr'><strong>S.</strong></span> <span class='ocrx_word' id='word_1_64' title='bbox 447 1622 603 1696; x_wconf 74' lang='lat' dir='ltr'><strong>chrisma,</strong></span> <span class='ocrx_word' id='word_1_65' title='bbox 617 1622 779 1700; x_wconf 89' lang='lat' dir='ltr'><strong>nequidem</strong></span> <span class='ocrx_word' id='word_1_66' title='bbox 787 1622 925 1682; x_wconf 89' lang='lat' dir='ltr'><strong>Vicariis</strong></span> <span class='ocrx_word' id='word_1_67' title='bbox 938 1637 1069 1699; x_wconf 74' lang='lat' dir='ltr'><strong>genera·</strong></span> 
     </span>
     <span class='ocr_line' id='line_1_15' title="bbox 100 1715 1069 1792; baseline -0.006 -12"><span class='ocrx_word' id='word_1_68' title='bbox 100 1718 185 1780; x_wconf 91' lang='lat' dir='ltr'><strong>libus</strong></span> <span class='ocrx_word' id='word_1_69' title='bbox 200 1717 232 1776; x_wconf 93' lang='lat' dir='ltr'><strong>in</strong></span> <span class='ocrx_word' id='word_1_70' title='bbox 249 1717 362 1778; x_wconf 86' lang='lat' dir='ltr'><strong>Galliis</strong></span> <span class='ocrx_word' id='word_1_71' title='bbox 377 1735 559 1778; x_wconf 88' lang='lat' dir='ltr'><strong>consecrare</strong></span> <span class='ocrx_word' id='word_1_72' title='bbox 570 1733 759 1792; x_wconf 78' lang='lat' dir='ltr'><strong>concessnm3</strong></span> <span class='ocrx_word' id='word_1_73' title='bbox 772 1717 799 1776; x_wconf 87' lang='lat' dir='ltr'><strong>si</strong></span> <span class='ocrx_word' id='word_1_74' title='bbox 811 1715 891 1778; x_wconf 89' lang='lat' dir='ltr'><strong>desit</strong></span> <span class='ocrx_word' id='word_1_75' title='bbox 902 1715 1069 1792; x_wconf 81' lang='lat' dir='ltr'><strong>Episcopus</strong></span> 
     </span>
     <span class='ocr_line' id='line_1_16' title="bbox 99 1808 1067 1889; baseline -0.004 -17"><span class='ocrx_word' id='word_1_76' title='bbox 99 1815 311 1885; x_wconf 86' lang='lat' dir='ltr'><strong>consecrator,</strong></span> <span class='ocrx_word' id='word_1_77' title='bbox 327 1810 450 1872; x_wconf 85' lang='lat' dir='ltr'><strong>Vicarii</strong></span> <span class='ocrx_word' id='word_1_78' title='bbox 465 1812 622 1889; x_wconf 85' lang='lat' dir='ltr'><strong>generalis</strong></span> <span class='ocrx_word' id='word_1_79' title='bbox 643 1829 756 1871; x_wconf 90' lang='lat' dir='ltr'><strong>munus</strong></span> <span class='ocrx_word' id='word_1_80' title='bbox 777 1810 879 1871; x_wconf 91' lang='lat' dir='ltr'><strong>estin</strong></span> <span class='ocrx_word' id='word_1_81' title='bbox 900 1808 1067 1870; x_wconf 87' lang='lat' dir='ltr'><strong>dioecesim</strong></span> 
     </span>
     <span class='ocr_line' id='line_1_17' title="bbox 100 1901 1067 1976; baseline -0.005 -11"><span class='ocrx_word' id='word_1_82' title='bbox 100 1906 321 1966; x_wconf 85' lang='lat' dir='ltr'><strong>transferenda</strong></span> <span class='ocrx_word' id='word_1_83' title='bbox 340 1923 464 1966; x_wconf 87' lang='lat' dir='ltr'><strong>curare.</strong></span> <span class='ocrx_word' id='word_1_84' title='bbox 477 1906 517 1965; x_wconf 93' lang='lat' dir='ltr'><strong>II.</strong></span> <span class='ocrx_word' id='word_1_85' title='bbox 532 1905 583 1964; x_wconf 87' lang='lat'><strong>87.</strong></span> <span class='ocrx_word' id='word_1_86' title='bbox 593 1936 608 1950; x_wconf 94' lang='lat'>-</span> <span class='ocrx_word' id='word_1_87' title='bbox 618 1905 699 1972; x_wconf 89' lang='lat' dir='ltr'><strong>Quid</strong></span> <span class='ocrx_word' id='word_1_88' title='bbox 713 1905 901 1976; x_wconf 83' lang='lat' dir='ltr'><strong>iaciendum,</strong></span> <span class='ocrx_word' id='word_1_89' title='bbox 917 1902 945 1962; x_wconf 90' lang='lat' dir='ltr'><strong>si</strong></span> <span class='ocrx_word' id='word_1_90' title='bbox 958 1901 1067 1962; x_wconf 86' lang='lat' dir='ltr'><strong>haberi</strong></span> 
     </span>
     <span class='ocr_line' id='line_1_18' title="bbox 99 1997 1067 2078; baseline -0.003 -18"><span class='ocrx_word' id='word_1_91' title='bbox 99 2019 161 2060; x_wconf 94' lang='lat' dir='ltr'><strong>non</strong></span> <span class='ocrx_word' id='word_1_92' title='bbox 182 1999 315 2078; x_wconf 89' lang='lat' dir='ltr'><strong>possint.</strong></span> <span class='ocrx_word' id='word_1_93' title='bbox 332 2001 410 2061; x_wconf 89' lang='lat' dir='ltr'><strong>ibid.</strong></span> <span class='ocrx_word' id='word_1_94' title='bbox 424 2000 598 2059; x_wconf 89' lang='lat' dir='ltr'><strong>-Oleorum</strong></span> <span class='ocrx_word' id='word_1_95' title='bbox 620 2001 825 2060; x_wconf 74' lang='lat' dir='ltr'><strong>carradium</strong></span> <span class='ocrx_word' id='word_1_96' title='bbox 846 1997 971 2058; x_wconf 74' lang='lat' dir='ltr'><strong>Coenus</strong></span> <span class='ocrx_word' id='word_1_97' title='bbox 994 2015 1067 2058; x_wconf 88' lang='lat' dir='ltr'><strong>cou-</strong></span> 
     </span>
     <span class='ocr_line' id='line_1_19' title="bbox 99 2096 1067 2175; baseline -0.002 -17"><span class='ocrx_word' id='word_1_98' title='bbox 99 2097 206 2159; x_wconf 80' lang='lat' dir='ltr'><strong>iectic.</strong></span> <span class='ocrx_word' id='word_1_99' title='bbox 223 2101 248 2159; x_wconf 99' lang='grc' dir='ltr'><strong>Ι.</strong></span> <span class='ocrx_word' id='word_1_100' title='bbox 265 2098 334 2160; x_wconf 82' lang='grc'><strong>200.</strong></span> <span class='ocrx_word' id='word_1_101' title='bbox 347 2129 361 2144; x_wconf 90' lang='grc'>-</span> <span class='ocrx_word' id='word_1_102' title='bbox 373 2098 525 2159; x_wconf 82' lang='lat' dir='ltr'><strong>Ordinum</strong></span> <span class='ocrx_word' id='word_1_103' title='bbox 546 2101 639 2158; x_wconf 84' lang='lat' dir='ltr'><strong>extra</strong></span> <span class='ocrx_word' id='word_1_104' title='bbox 654 2101 775 2175; x_wconf 90' lang='lat' dir='ltr'><strong>tempus</strong></span> <span class='ocrx_word' id='word_1_105' title='bbox 790 2097 950 2174; x_wconf 86' lang='lat' dir='ltr'><strong>variisque</strong></span> <span class='ocrx_word' id='word_1_106' title='bbox 964 2115 984 2156; x_wconf 95' lang='lat' dir='ltr'><strong>a</strong></span> <span class='ocrx_word' id='word_1_107' title='bbox 997 2096 1067 2156; x_wconf 87' lang='lat' dir='ltr'><strong>iure</strong></span> 
     </span>
     <span class='ocr_line' id='line_1_20' title="bbox 99 2190 930 2266; baseline -0.002 -14"><span class='ocrx_word' id='word_1_108' title='bbox 99 2191 234 2252; x_wconf 88' lang='lat' dir='ltr'><strong>statutis</strong></span> <span class='ocrx_word' id='word_1_109' title='bbox 253 2191 380 2253; x_wconf 87' lang='lat' dir='ltr'><strong>minime</strong></span> <span class='ocrx_word' id='word_1_110' title='bbox 401 2191 549 2266; x_wconf 88' lang='lat' dir='ltr'><strong>servatis,</strong></span> <span class='ocrx_word' id='word_1_111' title='bbox 571 2191 712 2250; x_wconf 87' lang='lat' dir='ltr'><strong>collatio.</strong></span> <span class='ocrx_word' id='word_1_112' title='bbox 729 2192 754 2250; x_wconf 87' lang='lat'><strong>1.</strong></span> <span class='ocrx_word' id='word_1_113' title='bbox 771 2190 843 2264; x_wconf 91' lang='grc'><strong>201,</strong></span> <span class='ocrx_word' id='word_1_114' title='bbox 859 2191 930 2252; x_wconf 86' lang='grc'><strong>288.</strong></span> 
     </span>
    </p>
   </div>
   <div class='ocr_carea' id='block_1_8' title="bbox 572 2342 599 2398">
    <p class='ocr_par' dir='ltr' id='par_1_9' title="bbox 572 2342 599 2398">
     <span class='ocr_line' id='line_1_21' title="bbox 572 2342 599 2398; baseline 0 0"><span class='ocrx_word' id='word_1_115' title='bbox 572 2342 599 2398; x_wconf 85' lang='lat' dir='ltr'>P</span> 
     </span>
    </p>
   </div>
   <div class='ocr_carea' id='block_1_9' title="bbox 99 2471 1071 3680">
    <p class='ocr_par' dir='ltr' id='par_1_10' title="bbox 99 2471 1068 3115">
     <span class='ocr_line' id='line_1_22' title="bbox 161 2471 1068 2552; baseline 0 -20"><span class='ocrx_word' id='word_1_116' title='bbox 161 2472 309 2534; x_wconf 89' lang='lat' dir='ltr'><strong>Panissst</strong></span> <span class='ocrx_word' id='word_1_117' title='bbox 328 2473 516 2534; x_wconf 84' lang='lat' dir='ltr'><strong>Franciscus</strong></span> <span class='ocrx_word' id='word_1_118' title='bbox 531 2476 668 2535; x_wconf 86' lang='lat' dir='ltr'><strong>&#39;Pherese</strong></span> <span class='ocrx_word' id='word_1_119' title='bbox 683 2475 851 2552; x_wconf 87' lang='lat' dir='ltr'><strong>Episcopus</strong></span> <span class='ocrx_word' id='word_1_120' title='bbox 865 2471 1068 2533; x_wconf 87' lang='lat' dir='ltr'><strong>constitutio-</strong></span> 
     </span>
     <span class='ocr_line' id='line_1_23' title="bbox 99 2567 1068 2646; baseline 0.003 -19"><span class='ocrx_word' id='word_1_121' title='bbox 99 2567 183 2628; x_wconf 89' lang='lat' dir='ltr'><strong>nalis</strong></span> <span class='ocrx_word' id='word_1_122' title='bbox 204 2567 322 2628; x_wconf 91' lang='lat' dir='ltr'><strong>Montis</strong></span> <span class='ocrx_word' id='word_1_123' title='bbox 339 2568 417 2628; x_wconf 76' lang='lat' dir='ltr'><strong>Albi</strong></span> <span class='ocrx_word' id='word_1_124' title='bbox 438 2568 470 2628; x_wconf 93' lang='lat' dir='ltr'><strong>in</strong></span> <span class='ocrx_word' id='word_1_125' title='bbox 491 2569 659 2630; x_wconf 80' lang='lat' dir='ltr'><strong>sabaudia.</strong></span> <span class='ocrx_word' id='word_1_126' title='bbox 676 2571 755 2637; x_wconf 88' lang='lat' dir='ltr'><strong>Quid</strong></span> <span class='ocrx_word' id='word_1_127' title='bbox 777 2570 828 2629; x_wconf 91' lang='lat' dir='ltr'><strong>illi</strong></span> <span class='ocrx_word' id='word_1_128' title='bbox 849 2569 1015 2646; x_wconf 84' lang='lat' dir='ltr'><strong>agendum,</strong></span> <span class='ocrx_word' id='word_1_129' title='bbox 1031 2572 1068 2630; x_wconf 92' lang='lat' dir='ltr'><strong>ut</strong></span> 
     </span>
     <span class='ocr_line' id='line_1_24' title="bbox 101 2662 1067 2746; baseline -0.001 -24"><span class='ocrx_word' id='word_1_130' title='bbox 101 2663 236 2740; x_wconf 90' lang='lat' dir='ltr'><strong>petitam</strong></span> <span class='ocrx_word' id='word_1_131' title='bbox 257 2662 486 2746; x_wconf 67' lang='lat' dir='ltr'><strong>absolutionem</strong></span> <span class='ocrx_word' id='word_1_132' title='bbox 507 2662 661 2723; x_wconf 89' lang='lat' dir='ltr'><strong>obtineat.</strong></span> <span class='ocrx_word' id='word_1_133' title='bbox 679 2664 718 2723; x_wconf 94' lang='grc' dir='ltr'><strong>ΙΙ.</strong></span> <span class='ocrx_word' id='word_1_134' title='bbox 739 2664 807 2723; x_wconf 88' lang='grc'><strong>117.</strong></span> <span class='ocrx_word' id='word_1_135' title='bbox 823 2695 840 2708; x_wconf 94' lang='grc'>-</span> <span class='ocrx_word' id='word_1_136' title='bbox 854 2662 1067 2724; x_wconf 86' lang='lat' dir='ltr'><strong>Retractatio-</strong></span> 
     </span>
     <span class='ocr_line' id='line_1_25' title="bbox 100 2755 1065 2833; baseline 0.002 -17"><span class='ocrx_word' id='word_1_137' title='bbox 100 2773 171 2816; x_wconf 88' lang='lat' dir='ltr'><strong>nem</strong></span> <span class='ocrx_word' id='word_1_138' title='bbox 187 2773 273 2816; x_wconf 87' lang='lat' dir='ltr'><strong>suam</strong></span> <span class='ocrx_word' id='word_1_139' title='bbox 289 2759 383 2833; x_wconf 89' lang='lat' dir='ltr'><strong>atque</strong></span> <span class='ocrx_word' id='word_1_140' title='bbox 397 2773 540 2816; x_wconf 90' lang='lat' dir='ltr'><strong>errorum</strong></span> <span class='ocrx_word' id='word_1_141' title='bbox 562 2773 690 2815; x_wconf 92' lang='lat' dir='ltr'><strong>suorum</strong></span> <span class='ocrx_word' id='word_1_142' title='bbox 705 2773 741 2815; x_wconf 89' lang='lat' dir='ltr'><strong>ac</strong></span> <span class='ocrx_word' id='word_1_143' title='bbox 755 2755 1065 2832; x_wconf 79' lang='lat' dir='ltr'><strong>praevaricationum</strong></span> 
     </span>
     <span class='ocr_line' id='line_1_26' title="bbox 100 2849 1064 2926; baseline -0.005 -16"><span class='ocrx_word' id='word_1_144' title='bbox 100 2850 252 2910; x_wconf 90' lang='lat' dir='ltr'><strong>humilem</strong></span> <span class='ocrx_word' id='word_1_145' title='bbox 268 2853 301 2908; x_wconf 90' lang='lat' dir='ltr'><strong>et</strong></span> <span class='ocrx_word' id='word_1_146' title='bbox 315 2851 473 2926; x_wconf 87' lang='lat' dir='ltr'><strong>prolixam</strong></span> <span class='ocrx_word' id='word_1_147' title='bbox 494 2850 706 2912; x_wconf 85' lang='lat' dir='ltr'><strong>narrationem</strong></span> <span class='ocrx_word' id='word_1_148' title='bbox 730 2849 834 2910; x_wconf 88' lang='lat' dir='ltr'><strong>mittit</strong></span> <span class='ocrx_word' id='word_1_149' title='bbox 848 2849 885 2910; x_wconf 93' lang='lat' dir='ltr'><strong>ad</strong></span> <span class='ocrx_word' id='word_1_150' title='bbox 901 2849 990 2910; x_wconf 88' lang='lat' dir='ltr'><strong>Pium</strong></span> <span class='ocrx_word' id='word_1_151' title='bbox 1009 2851 1064 2911; x_wconf 92' lang='lat' dir='ltr'><strong>Vl.</strong></span> 
     </span>
     <span class='ocr_line' id='line_1_27' title="bbox 99 2944 1064 3022; baseline -0.003 -17"><span class='ocrx_word' id='word_1_152' title='bbox 99 2944 264 3010; x_wconf 67' lang='lat' dir='ltr'><strong>uua-uui</strong></span> <span class='ocrx_word' id='word_1_153' title='bbox 278 2945 361 3004; x_wconf 87' lang='lat' dir='ltr'><strong>datis</strong></span> <span class='ocrx_word' id='word_1_154' title='bbox 377 2946 415 3004; x_wconf 92' lang='lat' dir='ltr'><strong>ad</strong></span> <span class='ocrx_word' id='word_1_155' title='bbox 430 2946 531 3022; x_wconf 89' lang='lat' dir='ltr'><strong>ipsum</strong></span> <span class='ocrx_word' id='word_1_156' title='bbox 553 2946 676 3006; x_wconf 90' lang='lat' dir='ltr'><strong>litteris</strong></span> <span class='ocrx_word' id='word_1_157' title='bbox 690 2946 729 3006; x_wconf 87' lang='lat' dir='ltr'><strong>ab</strong></span> <span class='ocrx_word' id='word_1_158' title='bbox 743 2944 1064 3005; x_wconf 87' lang='lat' dir='ltr'><strong>excommunicatione</strong></span> 
     </span>
     <span class='ocr_line' id='line_1_28' title="bbox 100 3036 1065 3115; baseline 0.003 -19"><span class='ocrx_word' id='word_1_159' title='bbox 100 3037 323 3098; x_wconf 82' lang='lat' dir='ltr'><strong>absolvendum</strong></span> <span class='ocrx_word' id='word_1_160' title='bbox 351 3039 516 3112; x_wconf 86' lang='lat' dir='ltr'><strong>rescribit,</strong></span> <span class='ocrx_word' id='word_1_161' title='bbox 539 3055 599 3098; x_wconf 89' lang='lat' dir='ltr'><strong>non</strong></span> <span class='ocrx_word' id='word_1_162' title='bbox 621 3056 699 3098; x_wconf 84' lang='lat' dir='ltr'><strong>vero</strong></span> <span class='ocrx_word' id='word_1_163' title='bbox 720 3055 739 3098; x_wconf 92' lang='lat' dir='ltr'><strong>a</strong></span> <span class='ocrx_word' id='word_1_164' title='bbox 760 3039 970 3115; x_wconf 88' lang='lat' dir='ltr'><strong>suspensione.</strong></span> <span class='ocrx_word' id='word_1_165' title='bbox 995 3036 1065 3099; x_wconf 85' lang='lat'><strong>133.</strong></span> 
     </span>
    </p>

    <p class='ocr_par' dir='ltr' id='par_1_11' title="bbox 99 3131 1069 3400">
     <span class='ocr_line' id='line_1_29' title="bbox 160 3131 1069 3209; baseline -0.002 -19"><span class='ocrx_word' id='word_1_166' title='bbox 160 3132 421 3193; x_wconf 90' lang='lat' dir='ltr'><strong>Paramentorum</strong></span> <span class='ocrx_word' id='word_1_167' title='bbox 443 3151 618 3205; x_wconf 84' lang='lat' dir='ltr'><strong>sacrorum,</strong></span> <span class='ocrx_word' id='word_1_168' title='bbox 640 3132 749 3193; x_wconf 87' lang='lat' dir='ltr'><strong>calicis</strong></span> <span class='ocrx_word' id='word_1_169' title='bbox 770 3135 803 3192; x_wconf 91' lang='lat' dir='ltr'><strong>et</strong></span> <span class='ocrx_word' id='word_1_170' title='bbox 825 3135 955 3209; x_wconf 89' lang='lat' dir='ltr'><strong>patenae</strong></span> <span class='ocrx_word' id='word_1_171' title='bbox 976 3131 1069 3190; x_wconf 92' lang='lat' dir='ltr'><strong>bene-</strong></span> 
     </span>
     <span class='ocr_line' id='line_1_30' title="bbox 99 3223 1069 3306; baseline -0.002 -20"><span class='ocrx_word' id='word_1_172' title='bbox 99 3227 198 3287; x_wconf 88' lang='lat' dir='ltr'><strong>dictio</strong></span> <span class='ocrx_word' id='word_1_173' title='bbox 219 3231 252 3288; x_wconf 92' lang='lat' dir='ltr'><strong>et</strong></span> <span class='ocrx_word' id='word_1_174' title='bbox 272 3228 467 3289; x_wconf 85' lang='lat' dir='ltr'><strong>consecratio</strong></span> <span class='ocrx_word' id='word_1_175' title='bbox 489 3229 682 3306; x_wconf 85' lang='lat' dir='ltr'><strong>simplicibus</strong></span> <span class='ocrx_word' id='word_1_176' title='bbox 703 3227 919 3289; x_wconf 86' lang='lat' dir='ltr'><strong>sacerdotibus</strong></span> <span class='ocrx_word' id='word_1_177' title='bbox 939 3226 978 3286; x_wconf 91' lang='lat' dir='ltr'><strong>ab</strong></span> <span class='ocrx_word' id='word_1_178' title='bbox 997 3223 1069 3301; x_wconf 89' lang='lat' dir='ltr'><strong>Epi·</strong></span> 
     </span>
     <span class='ocr_line' id='line_1_31' title="bbox 100 3320 738 3400; baseline 0 -18"><span class='ocrx_word' id='word_1_179' title='bbox 100 3339 192 3399; x_wconf 89' lang='lat' dir='ltr'><strong>scopo</strong></span> <span class='ocrx_word' id='word_1_180' title='bbox 213 3321 451 3400; x_wconf 83' lang='lat' dir='ltr'><strong>subdelegandis</strong></span> <span class='ocrx_word' id='word_1_181' title='bbox 472 3321 608 3383; x_wconf 89' lang='lat' dir='ltr'><strong>indultu.</strong></span> <span class='ocrx_word' id='word_1_182' title='bbox 625 3323 650 3382; x_wconf 95' lang='grc' dir='ltr'><strong>Ι.</strong></span> <span class='ocrx_word' id='word_1_183' title='bbox 667 3320 738 3382; x_wconf 88' lang='grc'><strong>201.</strong></span> 
     </span>
    </p>

    <p class='ocr_par' dir='ltr' id='par_1_12' title="bbox 99 3411 1071 3680">
     <span class='ocr_line' id='line_1_32' title="bbox 161 3411 1068 3492; baseline -0.002 -18"><span class='ocrx_word' id='word_1_184' title='bbox 161 3415 297 3475; x_wconf 91' lang='lat' dir='ltr'><strong>Parcohi</strong></span> <span class='ocrx_word' id='word_1_185' title='bbox 316 3433 335 3474; x_wconf 92' lang='lat' dir='ltr'><strong>a</strong></span> <span class='ocrx_word' id='word_1_186' title='bbox 355 3414 460 3476; x_wconf 85' lang='lat' dir='ltr'><strong>iurato</strong></span> <span class='ocrx_word' id='word_1_187' title='bbox 473 3415 627 3492; x_wconf 79' lang='lat' dir='ltr'><strong>Episcopo</strong></span> <span class='ocrx_word' id='word_1_188' title='bbox 647 3415 685 3474; x_wconf 90' lang='lat' dir='ltr'><strong>ad</strong></span> <span class='ocrx_word' id='word_1_189' title='bbox 701 3413 857 3475; x_wconf 80' lang='lat' dir='ltr'><strong>Ecclesiae</strong></span> <span class='ocrx_word' id='word_1_190' title='bbox 878 3429 993 3473; x_wconf 81' lang='lat' dir='ltr'><strong>vacuas</strong></span> <span class='ocrx_word' id='word_1_191' title='bbox 1015 3411 1068 3472; x_wconf 83' lang='lat' dir='ltr'><strong>vel</strong></span> 
     </span>
     <span class='ocr_line' id='line_1_33' title="bbox 99 3504 1071 3585; baseline -0.002 -17"><span class='ocrx_word' id='word_1_192' title='bbox 99 3507 209 3585; x_wconf 88' lang='lat' dir='ltr'><strong>plenas</strong></span> <span class='ocrx_word' id='word_1_193' title='bbox 237 3507 379 3568; x_wconf 88' lang='lat' dir='ltr'><strong>instituti</strong></span> <span class='ocrx_word' id='word_1_194' title='bbox 400 3507 493 3569; x_wconf 84' lang='lat' dir='ltr'><strong>iuxta</strong></span> <span class='ocrx_word' id='word_1_195' title='bbox 512 3508 647 3569; x_wconf 82' lang='lat' dir='ltr'><strong>formam</strong></span> <span class='ocrx_word' id='word_1_196' title='bbox 668 3507 883 3569; x_wconf 85' lang='lat' dir='ltr'><strong>schismaticae</strong></span> <span class='ocrx_word' id='word_1_197' title='bbox 905 3504 1071 3567; x_wconf 78' lang='lat' dir='ltr'><strong>Constitu·</strong></span> 
     </span>
     <span class='ocr_line' id='line_1_34' title="bbox 102 3599 1070 3680; baseline 0 -20"><span class='ocrx_word' id='word_1_198' title='bbox 102 3600 199 3662; x_wconf 84' lang='lat' dir='ltr'><strong>tionis</strong></span> <span class='ocrx_word' id='word_1_199' title='bbox 219 3619 259 3662; x_wconf 90' lang='lat' dir='ltr'><strong>an</strong></span> <span class='ocrx_word' id='word_1_200' title='bbox 280 3601 418 3680; x_wconf 86' lang='lat' dir='ltr'><strong>aliquam</strong></span> <span class='ocrx_word' id='word_1_201' title='bbox 442 3601 696 3662; x_wconf 87' lang='lat' dir='ltr'><strong>iurisdictionem</strong></span> <span class='ocrx_word' id='word_1_202' title='bbox 722 3599 916 3662; x_wconf 88' lang='lat' dir='ltr'><strong>ordinariam</strong></span> <span class='ocrx_word' id='word_1_203' title='bbox 939 3599 993 3660; x_wconf 84' lang='lat' dir='ltr'><strong>vel</strong></span> <span class='ocrx_word' id='word_1_204' title='bbox 1016 3600 1070 3660; x_wconf 86' lang='lat' dir='ltr'><strong>de-</strong></span> 
     </span>
    </p>
   </div>
   <div class='ocr_carea' id='block_1_10' title="bbox 0 0 1320 4262">
    <p class='ocr_par' dir='ltr' id='par_1_13' title="bbox 0 0 1320 4262">
     <span class='ocr_line' id='line_1_35' title="bbox 0 0 1320 4262; baseline 0 0"><span class='ocrx_word' id='word_1_205' title='bbox 0 0 1320 4262; x_wconf 95' lang='lat' dir='ltr'><strong> </strong></span> 
     </span>
    </p>
   </div>
  </div>
 </body>
</html>
