2606 4268
676 294 855 353 -132-

284 415 304 460 a
317 400 565 470 restitutionem,
583 402 620 459 de
634 399 719 459 clere
735 403 861 458 nostrae
877 397 1029 457 dioecesis
1043 398 1159 456 merite
1175 415 1255 456 cou-

284 513 303 556 s
319 496 454 566 fidimus,
467 496 566 571 ipsum
582 513 650 553 cum
675 495 831 554 charitate
846 499 880 553 et
893 492 1090 570 benignitate
1104 495 1253 550 acturum

284 604 302 648 a
316 589 354 646 ad
369 587 578 646 conciliandos
592 587 652 647 sibi
667 589 766 666 magis
781 587 940 664 magisque
957 585 1094 644 fideli-um
1116 585 1251 644 animos:

284 681 356 742 »de
377 685 482 741 cetero
505 683 613 757 procul
637 682 730 742 dubio
753 682 875 740 leretur
896 681 961 752 lex,
983 697 1061 755 quae
1082 678 1146 738 erit
1166 696 1251 737 ccm-

284 773 420 834 ›munis
447 775 584 835 omnium
605 777 728 853 regula,
754 776 864 852 cuique
890 792 922 832 sc
944 773 1140 832 conformare
1159 775 1250 830 tene·

283 869 404 929 abitur
431 869 688 958 confessarius.»
718 872 836 931 Verum
865 874 901 928 ut
924 867 1063 939 clarius,
1093 871 1247 942 quantum

284 963 353 1024 fieri
375 966 491 1040 petest,
515 965 693 1041 certiusque
715 965 904 1040 procedatur
929 963 966 1022 ad
992 962 1091 1021 iustas
1106 963 1250 1020 statuen·
1298 1033 1299 1042 ἒ

283 1058 338 1116 das
359 1057 548 1134 regulas'de
572 1057 624 1130 iis,
640 1058 693 1133 qui
714 1057 941 1116 luctuosissimi
966 1053 1144 1114 schismatis
1168 1057 1251 1113 tem·
1298 1061 1299 1064 ’

281 1165 356 1226 pere
379 1151 590 1210 ecclesiastica
614 1151 674 1209 sibi
698 1155 923 1227 compararunt
950 1151 1043 1219 bena,
1059 1165 1135 1224 opus
1149 1151 1248 1218 esset,

281 1247 319 1302 ut
339 1244 574 1303 accuratissime
599 1243 837 1320 distinguantur
858 1243 905 1314 ii,
927 1242 981 1318 qui
1003 1241 1086 1300 mala
1108 1241 1169 1298 fide
1195 1238 1250 1318 (et
1298 1239 1299 1286 ἶ

280 1335 392 1394 horum
413 1336 569 1394 maximus
593 1340 642 1396 est
667 1337 827 1412 numerus)
850 1337 931 1394 bone
955 1333 1113 1413 Ecclesiae
1135 1333 1246 1409 acqui-

281 1430 415 1502 sierunt,
431 1431 469 1489 ab
484 1429 555 1489 aliis
578 1429 630 1505 qui
655 1431 733 1490 bona
760 1430 820 1488 fide
841 1429 873 1486 in
896 1446 1004 1487 eorum
1019 1427 1245 1504 possessionem

280 1521 416 1599 ingressi
441 1525 515 1580 sunt
542 1519 614 1598 (qui
640 1526 714 1580 sunt
741 1525 828 1580 certo
852 1521 954 1579 multo
983 1518 1182 1596 pauciores):
1208 1536 1247 1576 ac

280 1619 348 1676 tum
373 1613 568 1690 aequissimis
595 1615 862 1691 communiterque
891 1613 1027 1690 receptis
1052 1613 1246 1671 inhaerendo

280 1707 447 1767 sententiis
469 1706 700 1782 Theologorum
725 1707 810 1766 circa
836 1724 1028 1784 possessores
1055 1707 1150 1764 bonae
1180 1723 1247 1764 ma-

279 1799 389 1874 laeque
412 1797 484 1857 fidei
507 1797 601 1856 facile
620 1799 750 1876 poterit,
773 1800 846 1876 quid
871 1800 915 1858 sit
933 1799 1154 1875 imponendum
1171 1817 1245 1856 one-

278 1891 334 1962 ris,
349 1895 457 1966 etque
472 1891 651 1952 discrimine
675 1893 815 1969 utrisque
831 1898 895 1952 tam
911 1893 1008 1951 bonae
1026 1910 1117 1968 quam
1140 1891 1243 1950 malae
1298 1897 1299 1906 ’

278 1983 354 2042 fidei
376 1983 606 2059 possessoribus
628 1984 711 2043 circa
733 1985 966 2044 restitutionem
993 2002 1063 2042 cum
1089 1983 1245 2042 bonorum

278 2082 346 2138 tum
366 2076 526 2136 fructuum
547 2094 587 2134 ex
607 2076 648 2134 iis
670 2085 899 2154 perceptorum:
916 2079 954 2136 de
969 2077 1165 2153 quibuscum
1177 2077 1244 2136 Nos

275 2170 336 2247 ipsi
359 2173 429 2246 post
454 2169 586 2228 multam
608 2169 890 2228 considerationem
915 2169 1243 2244 consultationemque

277 2267 489 2336 decernemus
513 2265 636 2338 riteque
658 2281 712 2339 per
733 2266 882 2324 Nostram
904 2282 958 2323 sue
984 2267 1124 2340 tempore
1147 2263 1244 2322 emit-

277 2361 403 2418 tendam
428 2358 670 2417 Instructionem
696 2359 948 2432 declarabimus,
974 2360 1040 2436 ipse
1064 2359 1187 2434 poteris
1208 2357 1241 2416 in

276 2453 332 2510 tue
351 2451 428 2510 item
453 2445 664 2509 instructione
689 2451 727 2508 ed
751 2455 821 2510 tuos
845 2451 1042 2511 dioecesanos
1066 2451 1240 2527 vulganda,

275 2544 379 2604 omnia
399 2545 436 2602 ad
458 2545 587 2602 eandem
609 2543 770 2602 doetrinae
790 2558 932 2604 normam
951 2545 1110 2621 redigere,
1126 2561 1163 2602 ac
1177 2545 1243 2604 No-

274 2638 394 2698 biscum
429 2630 671 2695 consentientes
691 2636 757 2694 sine
786 2637 856 2697 ulla
883 2637 1082 2697 dubitatione
1109 2638 1243 2714 regulas

274 2731 500 2814 praescribere.
520 2795 522 2803 ¹

335 2827 419 2884 Haec
440 2810 524 2894 sunt,¹
538 2823 652 2882 dilecte
664 2821 727 2882 Fili
747 2825 875 2896 Noster,
891 2843 969 2901 quee
991 2825 1029 2884 ad
1050 2827 1084 2884 te
1106 2824 1239 2886 iuterim

274 2919 476 2979 rescribenda
499 2917 662 2989 duximus,
686 2935 807 2993 unaque
834 2922 937 2976 tecum
961 2920 1058 2978 Deum
1080 2918 1238 2996 optimum

273 3011 445 3070 marimum
468 3027 591 3067 oramus
613 3027 648 3067 ac
671 3010 880 3083 obtestamur,
905 3017 941 3070 ut
962 3017 1033 3088 post
1057 3029 1239 3071 communes

273 3106 399 3178 tamque
420 3103 597 3173 diuturnas,
610 3119 685 3178 quas
707 3121 746 3162 ex
767 3105 962 3164 Gallicarum
985 3123 1089 3164 rerum
1104 3109 1238 3182 partur-

272 3196 451 3256 bationibus
465 3195 651 3272 percipimus
666 3197 769 3255 animo
784 3216 888 3270 ouras,
905 3199 1079 3275 angustiae,
1095 3198 1236 3269 dolones,

272 3291 398 3350 tandem
421 3289 511 3348 Illius
532 3289 728 3365 benignitate
753 3293 931 3368 respirare,
948 3291 1110 3352 »consolari
1136 3309 1174 3351 ac
1196 3291 1238 3349 ob

270 3382 416 3441 reductas
439 3381 470 3438 in
494 3381 661 3456 pris-tinum
684 3401 788 3443 sacras
802 3403 853 3444 res
872 3403 979 3465 omues
992 3385 1121 3456 laetari,
1134 3383 1237 3460 Eique

271 3473 1238 3555 summasimmortalesquegratiasageredebe'amus.Tibique

271 3585 380 3646 queen
394 3567 507 3627 intimo
528 3573 658 3644 paterno
676 3572 769 3629 corde
787 3573 1023 3648 depromptam,
1036 3573 1150 3632 dilecte
1165 3571 1235 3631 Fili
