2606 4268
309 372 429 432 Nostra
449 372 525 434 haec
545 371 660 434 fiducia
680 371 829 432 maionem
850 369 883 428 in
904 370 1028 434 modum
1045 365 1216 430 excitatur
1291 363 1292 438 l

250 465 483 542 praestantibus
511 465 631 526 litteris
658 463 722 528 tuis
749 463 799 524 die
828 463 962 524 secunda
987 459 1062 522 Iulii
1085 459 1124 520 ad
1146 459 1215 524 Nos

249 558 347 633 datis,
369 559 401 618 in
422 559 532 638 quibus
553 563 749 636 praesentem
770 575 876 618 rerum
891 556 1125 620 Gallicanarum
1148 557 1217 616 star

252 652 321 710 tum
334 651 430 713 Nobis
445 653 597 714 retulisti.
614 652 712 712 Valde
733 651 841 712 laetati
865 667 971 712 sumus
992 647 1215 724 intelligentes
1291 645 1292 718 l

251 765 331 826 qnae
351 749 503 811 haetenus
523 749 590 810 illic
610 749 784 810 animorum
813 745 993 808 immutatio
1017 747 1128 821 coepta
1142 745 1215 814 lest,
1291 735 1292 768 ³

251 843 410 921 Deumque
423 842 667 920 omnipotentem
685 857 860 920 precamur,
877 841 914 898 ut
927 840 1007 916 quod
1023 837 1125 914 coepit
1143 838 1216 912 Ipse

252 935 414 1014 perficiat,
439 955 474 1000 ac
504 938 639 998 caeleste
669 935 884 1001 sanctissimae
914 933 1077 1014 religionis
1104 933 1215 994 lumen

253 1029 286 1088 in
308 1046 377 1088 eam
398 1029 460 1089 iam
481 1030 636 1110 inclytam
662 1031 831 1104 nationem,
855 1029 886 1088 in
909 1047 970 1106 qua
990 1043 1087 1106 paene
1109 1025 1217 1101 extiu·
1291 1057 1292 1108 l

254 1124 339 1182 etum
352 1122 546 1200 lugebamus,
562 1123 680 1184 inferre
701 1141 737 1182 ae
759 1122 930 1182 restituere
950 1120 1043 1193 velit,
1058 1119 1217 1178 omnium-

253 1233 312 1292 que
334 1221 453 1278 mentes
468 1221 619 1278 renovato
639 1221 672 1277 et
695 1231 860 1292 numquam
882 1214 1043 1276 defecturo
1064 1211 1217 1274 veritatis

254 1307 379 1386 fulgore
400 1310 564 1373 illustrare
578 1329 613 1372 ao
628 1311 834 1372 inflammare.
847 1309 931 1368 Haec
945 1307 1038 1368 unica
1051 1307 1217 1382 multoque

254 1401 429 1464 laetissima
442 1405 539 1466 Nobis
553 1404 616 1464 erit
630 1403 742 1464 summi
756 1401 971 1479 diuturnique,
987 1417 1045 1478 quo
1060 1401 1216 1462 hactenns

256 1496 475 1572 obruebamnr,
491 1497 608 1557 doloris
621 1495 842 1573 compensatio.
1129 1545 1131 1548 .
1291 1475 1292 1502 ¹

316 1590 448 1650 Interim
470 1591 533 1650 tuis
554 1590 676 1650 litteris
696 1587 845 1653 delectati
860 1587 952 1648 valde
966 1603 1082 1660 sumus,
1100 1585 1216 1644 dilecte

255 1679 322 1740 Fili
341 1683 477 1755 Noster,
500 1681 659 1760 tamqnam'
678 1685 711 1742 et
732 1681 864 1741 virtutis
885 1685 958 1740 tuae
979 1684 1012 1740 et
1031 1680 1131 1740 animi
1152 1681 1218 1740 No-

255 1773 374 1833 biscum
389 1774 635 1834 coniunctissimi
650 1773 821 1852 praeclaris
836 1774 981 1847 testibns;
997 1773 1116 1850 tibique
1131 1771 1217 1832 invi·
1291 1777 1292 1814 ³

257 1883 324 1924 cem
345 1866 542 1927 Pontificiam
564 1867 828 1928 existimationem
849 1885 884 1928 ac
906 1871 1068 1944 paternam
1083 1867 1218 1926 benevo-

256 1959 387 2018 lentiam
398 1963 549 2023 Nostram
563 1962 783 2022 confirmamus
793 1961 973 2038 Apostolica
986 1957 1216 2031 benedictione,

258 2071 349 2129 quam
371 2055 404 2114 in
425 2055 605 2116 divinorum
626 2071 789 2115 munerum
804 2053 975 2131 auspicium
991 2054 1060 2126 tibi,
1076 2053 1220 2114 commis-

258 2145 360 2224 sisque
382 2151 454 2210 tuae
476 2149 550 2210 fidei
571 2149 681 2210 ovibus
701 2165 741 2208 ex
763 2146 874 2209 intimo
892 2151 987 2210 eorde
1014 2152 1218 2226 peramanter

259 2238 469 2318 impertimur.
700 2294 702 2298 .

318 2337 433 2395 Datum
454 2340 572 2398 Romae
587 2335 637 2396 die
651 2337 712 2396 XII
729 2334 866 2412 Augusti
885 2335 1219 2409 Muccch11,Pon-

259 2423 399 2488 tificatus
415 2430 527 2492 Nostri
541 2430 752 2490 anno'XXIll.

676 2523 694 2554 ὣ
