2606 4268
299 345 341 404 de'
358 345 489 422 Organi,
511 345 592 422 quod
616 345 676 404 iam
701 343 841 404 dirutum
863 348 946 416 erat,
969 342 1094 412 sonitu,
1116 339 1266 400 acueris

300 439 453 499 humanae
475 445 569 498 cantu
592 443 630 500 ad
652 443 697 499 'l'e
718 441 889 510 detulerat,
913 440 965 498 scd
990 437 1051 508 hic,
1076 429 1194 512 ut‘ipse
1211 453 1264 512 pro
1292 497 1293 500 ,

300 533 369 592 Tua
391 534 559 609 prudentia
579 534 734 612 agnoscis,
758 553 816 593 non
839 533 961 600 statim,
985 549 1039 589 nec
1060 529 1154 589 facile
1178 548 1267 606 prae-

300 630 411 688 stuuda
438 632 487 687 est
507 628 584 688 fides
609 629 784 688 huiusmodi
815 627 1036 688 miraculorum
1066 625 1264 696 rumoribus3

298 718 532 800 diligenterque
554 728 627 783 anto
649 725 686 784 de
709 724 845 783 veritate
868 721 1098 798 inquirendum,
1125 719 1267 778 interro·

300 816 455 893 gandique
477 819 588 888 testes,
610 817 663 894 qui
686 815 905 886 interfuerint,
921 821 954 874 et
970 816 1001 874 in
1016 831 1092 890 quos
1110 813 1266 872 nullaca-

300 911 374 968 dere
401 909 546 986 exceptio
568 911 685 988 possit:
709 910 801 987 idque
824 917 855 968 te
877 909 1032 968 facturum
1062 908 1175 966 scribis
1197 925 1264 964 eum

300 1005 427 1064 dabitur
448 1005 548 1080 copia,
571 1023 606 1064 ae
628 1004 725 1064 Nobis
749 1003 968 1081 expositurum
989 1001 1055 1073 rei,
1077 1001 1266 1078 qualiscum-

299 1117 359 1175 que
380 1097 489 1172 fuerit,
513 1105 672 1170 eventum.
1033 1143 1034 1146 η

262 1208 268 1224 ·
359 1194 437 1251 Dum
454 1193 482 1250 iu
501 1191 599 1268 ipsum
622 1213 641 1252 a
654 1195 698 1251 Te
713 1191 822 1250 audire
838 1194 1066 1267 exspectamur,
1082 1188 1214 1248 interim
1235 1187 1265 1246 iu

300 1303 443 1362 magnam
461 1288 574 1346 Tecum
590 1285 732 1345 venimus
745 1285 957 1344 miserationis
975 1284 1108 1344 Divinae
1122 1282 1266 1341 fiduciam
1292 1293 1293 1370 q

281 1378 379 1460 piore,
397 1385 433 1439 ut
446 1379 678 1458 quamprimum
695 1389 728 1438 et
743 1379 915 1448 Dioccesis,
931 1383 965 1436 et
980 1378 1183 1454 Principatus
1200 1377 1266 1454 Spi·
1292 1375 1293 1444 Τ

300 1474 401 1532 rensis
416 1477 513 1544 Tuae,
530 1495 549 1534 a
563 1493 755 1534 saevissimis
770 1480 841 1534 istis
855 1475 1065 1546 liberatur,et
1076 1465 1264 1548 Religionis,

299 1571 334 1626 et
354 1569 528 1628 Potestatis
550 1569 650 1627 omnis
673 1569 827 1638 hostibus,
852 1569 1038 1644 tandemque
1054 1566 1092 1624 ab
1107 1565 1265 1624 immensis
1292 1587 1293 1642 q

298 1679 375 1736 quas
397 1661 532 1737 pertulit
554 1661 697 1737 publicae
713 1661 758 1720 rei
775 1660 925 1737 procellis
940 1661 971 1719 iu
987 1660 1157 1736 conspicua
1172 1659 1266 1735 ipsius

299 1754 355 1814 Dei
377 1773 445 1830 ope,
462 1759 556 1830 atque
578 1755 609 1812 in
633 1757 719 1815 'I‘oae
734 1755 944 1814 solicitudinis
958 1754 1152 1814 auctoritate
1168 1751 1265 1827 respi-
1292 1739 1293 1826 ζ

298 1849 363 1906 ret.
393 1841 477 1906 Haeo
506 1851 581 1908 vota
609 1849 727 1908 Nostra
754 1847 972 1924 coniungimus
993 1851 1061 1906 cum
1084 1845 1265 1922 Apostolioa

299 1939 533 2012 Benedictionc,
556 1959 647 2017 quam
670 1943 755 2014 Tibi,
780 1943 856 2004 Ven.
880 1942 936 2000 Fr.
960 1940 992 1998 iu
1013 1941 1148 2002 Nostrae
1171 1940 1264 1998 etiam

300 2033 469 2112 singularis
490 2036 736 2096 Benevolontiae
751 2037 864 2114 pignus
878 2053 918 2098 ex
933 2034 1037 2094 animo
1051 2053 1087 2094 ac
1101 2050 1264 2112 peraman-

301 2129 351 2186 ter
371 2127 583 2206 impertimur.

359 2223 473 2280 Datum
490 2225 608 2282 Romae
622 2221 672 2280 die
686 2223 793 2281 XXXI
807 2221 885 2280 Maii
899 2223 1119 2293 MDCCXCIV,
1135 2221 1266 2282 Pontifi-

300 2319 390 2373 eatus
403 2314 513 2375 Nostri
536 2317 627 2375 Anno
647 2304 718 2375 XX.

709 2477 851 2534 XXVI.

393 2578 552 2639 SAGRAE
574 2579 909 2652 OONGREGATIONI
924 2580 1174 2641 DEPUTATAE

514 2737 538 2782 A
555 2737 770 2784 SArtorrssmo
787 2736 915 2784 DOMINO
932 2737 1062 2784 Nosrno

553 2895 559 2899 ’
608 2883 692 2961 ΡΙΟ
719 2883 859 2961 ΡΑΡΑ
886 2883 953 2962 VI.

352 3068 455 3144 Super
475 3071 616 3145 nepotiis
637 3069 873 3130 Ecclesiasticus
893 3071 1003 3148 Requi
1026 3067 1217 3131 Galliarum

495 3168 726 3238 proponuntur
746 3166 918 3241 sequentia
945 3164 1063 3225 Dubio.

362 3329 390 3389 l.
408 3329 595 3391 Sacerdotes
617 3349 693 3408 pure
715 3336 749 3392 et
774 3333 983 3410 simpliciter,
1006 3332 1037 3390 id
1060 3337 1130 3407 est,
1154 3332 1267 3407 absque

311 3422 378 3483 ullo
398 3417 617 3499 restrictione,
640 3426 869 3502 praestiterunt
890 3427 1129 3486 Sacramentum
1152 3428 1268 3485 dictum

307 3517 453 3591 civicum,
469 3517 659 3596 imperatum
675 3519 784 3596 vigore
799 3519 926 3580 Decreti
947 3520 1085 3579 emanati
1101 3518 1151 3578 dia
1164 3521 1206 3582 27
1220 3536 1270 3577 no·
