2624 4260
264 355 337 417 aliis
357 343 466 428 etiam}
488 373 563 432 quos
585 354 644 415 tibi
665 343 696 412 in
717 355 823 413 eodem
844 369 917 412 casu
939 369 1006 410 esse
1030 347 1235 421 constiterit,

266 449 314 509 nti
335 449 453 522 valeas,
470 448 655 526 prudentiae
678 451 750 508 tuae
771 447 892 520 conlisi,
909 445 1033 522 tuisque
1056 443 1236 522 postulatis

265 542 399 619 benigue
413 542 559 603 inclinati
574 541 783 602 concedimus.

326 636 472 696 Ceterum
483 637 563 712 quod
579 653 675 712 super
688 637 803 695 unciis
814 635 916 705 rebus,
931 648 1015 710 quaa
1027 633 1070 690 sit
1084 629 1235 689 tenenda

266 732 431 790 sententia
451 731 488 788 ad
510 731 661 803 Nostram
681 729 891 806 apostolatum
913 725 1066 797 retulisti,
1082 723 1154 783 iure
1169 723 1235 783 No'·

267 821 315 883 bis
336 823 454 900 tibique
477 824 694 900 gratulamur3
717 827 749 882 te
770 821 896 880 ineundi
917 820 1123 896 Episcopatus
1145 833 1235 875 com·

267 916 496 976 mandationem
518 917 556 976 ab
569 917 721 993 exemplo
746 915 891 986 duxIssa,
913 913 993 990 quod
1014 913 1045 970 in
1068 907 1234 972 Africanis

267 1009 727 1087 PatribusGarthaginansibus
739 1015 773 1068 et
788 1006 981 1068 Milevitanis
992 1004 1117 1065 meritis
1129 1000 1234 1063 laudi·

267 1103 324 1162 bus
334 1105 504 1164 exornavit
514 1107 735 1181 praedecessor
744 1104 862 1164 Noster
873 1102 906 1160 S.
921 1099 1121 1161 Innocentius
1133 1100 1159 1158 Ι.
1171 1095 1232 1176 (l),
1297 1181 1298 1192 ἵ

267 1197 346 1272 quod
360 1195 508 1255 nimirum
524 1197 671 1273 antiquae
686 1195 813 1272 regulae
831 1195 960 1254 formam
984 1193 1084 1253 secuti
1103 1189 1235 1270 ‹qaid-

267 1290 349 1368 qaid
366 1293 516 1366 quamuis
529 1281 659 1351 remotis
677 1290 913 1366 disiunctisque
922 1289 1103 1364 provinciis
1118 1301 1234 1362 apere-

269 1391 335 1454 ταν,
345 1401 411 1442 oon
418 1387 514 1460 prius
525 1385 680 1445 ducerent
687 1384 883 1463 finiendam,
896 1385 964 1442 uisi
975 1382 1019 1442 aul
1030 1381 1126 1440 tuias
1137 1379 1232 1440 sedis
1297 1429 1298 1456 q

267 1479 423 1537 notitiam
437 1481 634 1554 perveniret,
649 1487 688 1537 ut
707 1487 777 1538 totu
798 1479 895 1537 huius
909 1478 1115 1544 auctoritato,
1130 1476 1233 1532 iocata
1297 1461 1298 1474 ¹

268 1588 352 1648 qaae
372 1573 476 1648 fucrit
495 1574 729 1647 pronunciatio
749 1575 949 1651 firmaretur.
973 1568 1133 1644 Valdeque
1160 1581 1234 1642 pro·

268 1669 378 1741 pterea
392 1664 424 1722 iu
441 1666 571 1724 Domino
593 1665 776 1726 confidimus
791 1665 871 1736 fore,
894 1668 930 1724 ut
951 1661 1122 1740 praeclaris
1143 1660 1232 1719 hisce

267 1756 367 1817 inillis
389 1757 488 1817 totius
503 1762 576 1818 tuae
590 1758 873 1820 administrationis
887 1758 918 1816 in
934 1757 1054 1816 illustri
1070 1754 1132 1814 tibi
1147 1769 1233 1812 oom-
1297 1749 1298 1806 l

267 1851 415 1910 mandata
426 1852 568 1912 Ecclesia
578 1871 687 1912 cursus
701 1853 866 1928 exitusque
879 1852 1074 1927 respondeat.
1089 1850 1124 1908 In
1140 1847 1233 1906 cuius

267 1942 336 2002 voti
360 1945 488 2020 Nostri,
514 1947 709 2025 Nostraeque
735 1947 766 2005 in
792 1950 824 2006 ta
852 1943 1087 2004 benevolentIac
1116 1943 1232 2018 pignus

267 2037 478 2112 Apostolicam
494 2039 740 2100 benedictionem
756 2039 827 2112 tibi,
844 2039 959 2098 dilecte
973 2037 1051 2110 Fili,
1067 2051 1233 2143 peramans
1295 2101 1296 2106 η

266 2131 317 2188 ter
338 2131 551 2208 imp'ertImur.

326 2225 439 2283 Datum
463 2228 582 2286 Romae
604 2225 654 2286 die
683 2227 758 2286 XVI
785 2225 964 2285 Decembris
991 2222 1230 2294 Muccxovn,

266 2315 473 2376 Pontificatus
494 2318 605 2379 Nostri
626 2327 707 2378 anno
728 2320 846 2378 XXIII.

677 2508 820 2564 xnnx.

532 2609 649 2691 PIUS
684 2609 961 2691 EPISOOPUS

400 2825 523 2885 Servus
544 2827 722 2884 Servorum
742 2825 807 2883 Dei
829 2825 874 2882 ad
893 2825 1095 2893 perpetuam

576 2919 628 2976 rei
649 2917 847 2976 memoriam
860 2912 917 2992 (2).

323 3063 441 3122 Christi
463 3065 620 3124 Ecclesiae
642 3067 796 3142 regendas
810 3063 943 3122 officium
958 3063 1019 3122 ctsi
1033 3061 1228 3138 quotidianis

263 3153 457 3233 assiduisque
467 3157 551 3216 curis
563 3157 737 3216 subiectum
753 3175 874 3234 semper
888 3157 999 3229 fuerit,
1017 3175 1106 3216 omne
1123 3161 1227 3216 tamen
1297 3189 1298 3236 3

263 3253 386 3326 tempus
408 3249 615 3309 Pontificatus
635 3251 743 3312 Nostri
766 3249 1030 3312 extraordinariis
1044 3250 1229 3326 quibusdam

325 3411 363 3466 (1)
378 3411 458 3468 Epist.
471 3411 525 3458 181.
538 3411 592 3458 182.
605 3423 645 3470 ap.
660 3411 796 3469 Augustini.
809 3414 878 3460 I'om.
891 3413 925 3458 11.
937 3411 1005 3458 uuit.
1016 3411 1127 3458 Maurln.

325 3488 363 3542 (2)
379 3487 487 3534 Latinus
497 3489 583 3534 textus
596 3487 791 3535 constitutionis
801 3487 877 3534 istius
893 3484 943 3548 qui
959 3483 1002 3534 hio
1014 3485 1163 3547 mutuetur,
1181 3501 1231 3534 non

266 3561 407 3610 censendus
423 3564 463 3610 est
479 3561 619 3622 origlnalis,
637 3563 729 3620 qualiu-
738 3563 835 3610 soilioet
850 3563 944 3622 prodiit
955 3563 986 3611 ab
997 3563 1148 3622 apostolica
1157 3563 1232 3620 Sedet
1297 3581 1298 3590 ¹
