2606 4268
689 273 869 334 -154-

299 378 405 452 tionis,
426 383 493 439 tum
513 382 546 440 et
566 397 660 440 curae
681 379 857 440 animarum
878 380 917 441 ab
938 381 1062 440 intruso
1083 381 1261 456 susceptae.

298 474 402 549 Atque
424 473 473 532 his
493 473 617 550 quidem
639 474 701 534 iam
723 479 795 535 ante
811 476 848 533 de
862 475 1042 552 Apostolica
1062 474 1263 552 benignitate

298 567 458 644 provisum
480 572 530 628 est
545 585 599 644 per
613 575 818 628 memoratum
833 570 987 629 Nostrum
1002 570 1104 628 Breve
1118 569 1157 627 ad
1174 585 1263 644 prae·

297 661 490 721 decessorem
520 667 628 734 tuum3
651 679 711 738 quo
733 661 918 721 facultatem
945 661 1075 720 fecimus
1105 663 1263 721 sacerdoti

297 755 429 815 cuilibet
442 757 480 814 ad
495 754 703 814 confessiones
717 754 917 831 excipiendas
930 755 1101 831 approbato
1115 772 1176 830 per
1189 755 1263 814 Lin-

299 850 407 908 derum
435 849 578 926 eligendo
606 866 676 908 eum
703 847 741 924 ab
762 847 905 907 admissis
932 847 1033 924 culpis
1061 847 1260 919 absolvendi,

298 941 454 1019 praestita
475 945 548 1001 ante
570 942 785 1002 satisfactione
803 959 858 1018 per
871 943 973 1001 Breve
987 943 1141 1002 Nostrum
1158 939 1210 998 die
1227 940 1261 997 13

298 1034 380 1095 Iunii
402 1035 481 1095 1792
501 1035 633 1110 indicta,
648 1035 740 1094 firma
760 1039 864 1095 tamen
886 1038 1032 1094 manente
1059 1032 1260 1109 suspensione
1290 1039 1291 1044 ’

299 1129 333 1186 et
353 1127 606 1204 irregularitate.
623 1129 771 1188 Alterum
794 1132 855 1201 est,
871 1132 909 1190 de
930 1149 990 1206 quo
1011 1130 1050 1188 ad
1070 1129 1134 1188 Nos
1158 1127 1261 1202 proxi·

298 1220 358 1279 mis
380 1222 444 1280 tuis
465 1221 586 1282 litteris
607 1222 768 1295 retulisti,
790 1224 951 1300 proposita
972 1240 1080 1300 nempe
1096 1220 1259 1294 ⁴dubitatio

299 1313 336 1372 de
358 1315 488 1374 Linderi
518 1315 737 1392 ordinatione,
766 1315 872 1376 valida
900 1335 938 1375 ne
966 1317 1064 1376 fuerit
1086 1333 1126 1375 an
1152 1313 1257 1374 irrita:

298 1425 390 1483 quam
411 1409 639 1469 dubitationem
661 1408 779 1485 duplici
800 1427 840 1467 ex
861 1409 964 1486 capite
986 1411 1147 1468 subortam
1162 1406 1257 1467 Nobis

298 1499 374 1560 item
408 1503 629 1577 praedecessor
656 1505 731 1560 tuus
758 1503 914 1577 exposuit.
941 1500 1082 1560 Primum
1109 1499 1258 1558 videlicet

298 1593 378 1668 quod
402 1611 471 1652 cum
493 1595 532 1653 ab
558 1595 680 1654 intruso
708 1595 879 1653 Parisiensi
904 1595 1032 1654 Gobelio
1053 1592 1258 1653 consecratio·

297 1686 346 1745 nis
369 1705 479 1746 munus
501 1689 657 1764 acceperit
678 1690 819 1748 intrusus
839 1689 1036 1761 Brindelius,
1059 1688 1131 1746 hinc
1158 1689 1257 1745 metus

296 1779 435 1866 Lindero
450 1779 594 1853 iniectus,
611 1781 746 1842 neforto
768 1781 882 1858 impius
896 1781 952 1840 ille
967 1781 1114 1841 Gabellus
1135 1779 1168 1838 in
1191 1797 1257 1856 per-

297 1873 416 1949 agenda
436 1873 590 1933 Brindelii
611 1876 846 1935 consecratione
871 1875 1075 1934 necessariam
1105 1873 1257 1932 intentio-

297 1981 368 2022 nem
389 1982 449 2023 non
475 1966 674 2040 adhibuerit,
696 1967 859 2043 inanisque
881 1966 959 2026 adeo
984 1965 1082 2026 fuerit
1101 1965 1256 2024 Brindelii

296 2057 503 2131 consecratio,
519 2076 538 2118 a
557 2078 616 2137 quo
637 2060 791 2120 Linderus
812 2059 878 2136 ipse
894 2059 1058 2119 ordinatus
1072 2058 1149 2117 fuits
1161 2059 1255 2124 Quem

296 2153 399 2209 tamen
421 2157 537 2211 metum
552 2152 667 2212 leviori
682 2152 882 2212 fundamento
903 2151 964 2211 niti
987 2155 1059 2210 tuus
1079 2151 1147 2227 ipse
1170 2168 1253 2226 prae

294 2244 437 2303 decessor
458 2246 598 2322 agnovit.
621 2248 686 2307 Nec
706 2246 876 2320 immerit03
897 2247 1011 2323 quippe
1031 2263 1101 2304 cum
1123 2262 1165 2303 ex
1188 2263 1256 2304 con-

296 2338 394 2396 stanti
408 2338 566 2399 Ecclesiae
587 2357 678 2398 sensu
698 2343 732 2399 et
752 2341 843 2418 praxi
864 2340 930 2400 sola
952 2358 1008 2417 per
1029 2358 1095 2399 sese
1117 2343 1255 2415 spectata

295 2429 482 2506 improbitas
500 2431 639 2492 ministri
655 2433 771 2493 nullam
794 2451 938 2510 umquam
960 2434 1030 2493 visa
1050 2433 1094 2492 sit
1114 2433 1254 2493 idoneam

295 2524 446 2600 praebere
466 2542 590 2584 causam
611 2525 776 2586 dubitandi
797 2529 835 2586 de
856 2527 966 2588 valore
987 2527 1179 2587 sacramenti
1194 2528 1253 2586 rite

294 2617 422 2677 aliunde
450 2617 677 2678 administrati.
704 2619 910 2686 Quamobrem
937 2622 1156 2697 praedecessor
1187 2625 1253 2680 tuus

295 2708 403 2782 aliam,
416 2727 508 2785 quam
523 2709 698 2770 arbitratus
713 2716 761 2770 est
776 2713 954 2788 graviorem
969 2731 1093 2772 causam
1110 2713 1251 2772 subiecit:

296 2821 369 2862 num
385 2803 508 2863 scilicet
522 2821 578 2880 pro
592 2823 721 2881 eaquae
736 2822 791 2881 per
805 2805 942 2865 intrusos
960 2807 1090 2864 inducta
1104 2807 1154 2864 est
1169 2805 1254 2864 foeda

293 2895 512 2956 ecclesiastici
524 2896 642 2956 ordinis
663 2898 948 2975 perturbationes
968 2898 1097 2958 Gobelio
1120 2897 1152 2955 in
1175 2897 1254 2956 ordi-

295 2991 407 3049 nandis
427 2991 582 3067 episcopis
599 2993 704 3052 omnia
724 2991 787 3051 rite
809 2995 936 3068 patrata
957 2992 1032 3063 sint,
1048 3009 1127 3068 quae
1149 2992 1187 3050 ad
1208 3007 1253 3048 or·

295 3081 465 3141 dinationis
486 3083 562 3154 vim,
586 3103 639 3143 seu
661 3085 866 3145 substantiam
893 3085 1112 3162 requiruntur.
1136 3086 1203 3151 Qua
1223 3085 1251 3142 in

293 3189 341 3244 re,
366 3177 573 3251 utpotequae
586 3193 633 3234 vex
654 3176 736 3236 facto
758 3179 884 3253 pendet,
907 3178 1013 3237 sedulo
1035 3177 1251 3253 requirendum

294 3266 523 3343 rescripsimus,
539 3286 597 3344 quo
618 3269 685 3328 ritu
707 3289 806 3346 quave
828 3271 952 3331 ratione
974 3269 1145 3346 singularis
1165 3289 1251 3348 prae·

295 3359 405 3419 sertim
419 3359 478 3420 illa
492 3365 620 3436 peracta
635 3363 678 3422 sit
691 3353 847 3423 Brindelii
861 3364 1071 3424 consecratio.⁴
1153 3395 1157 3403 =

335 3453 443 3513 ·Nune
465 3469 573 3528 porro,
597 3454 711 3515 dilecte
733 3456 817 3529 Fili,
839 3475 878 3516 ex
900 3456 965 3516 tuis
984 3455 1109 3517 litteris
1130 3455 1251 3516 intelle-

293 3545 409 3619 ximus,
431 3547 582 3623 paroohos
602 3550 756 3624 quotquot
776 3566 814 3608 ex
837 3553 909 3610 tuae
931 3549 1080 3611 dioecesis
1094 3553 1186 3627 parte
1199 3550 1250 3610 Al·
