2606 4268
641 234 818 293 -146-

310 339 390 400 ant
405 339 535 416 denique
556 338 716 399 Sanctitas
738 339 823 398 Sua
815 338 979 416 nmagines,
995 337 1049 397 et
1041 356 1145 398 icones
1161 339 1220 397 be·
1288 371 1289 390 2

251 435 435 495 redicendas
448 437 684 508 repraesentare
706 435 801 493 Sanct
803 451 848 506 os,
860 431 935 492 vel
926 450 988 492 ram
1000 431 1224 504 canonizatos,

252 527 333 589 vel
324 547 356 586 1n
378 526 610 604 Martyrologio
632 529 770 586 Romano
793 527 976 602 descriptos

304 623 368 682 ¹His
390 639 446 698 pro
474 619 601 680 clariori
630 603 846 696 intelligentia
874 617 1085 696 praenotatis,
1109 618 1216 678 indul·
1288 611 1289 682 ξ

253 715 432 794 gentiarum
455 713 569 786 series,
592 732 667 789 quas
689 713 758 790 quis
779 713 927 788 consequi
949 714 1069 788 potest,
1093 723 1223 770 necnon
1288 725 1289 728 ’

252 811 376 888 piorum
407 825 536 884 operum
566 806 796 882 implendorum
828 806 974 864 elenchus
1006 807 1213 879 recensetur,
1288 829 1289 838 ¹

252 905 348 982 prout
369 901 452 962 infra
472 901 578 960 videre
599 900 686 958 licet.
1097 951 1102 962 ,

312 994 500 1069 Quicumque
522 993 616 1053 semel
637 993 669 1051 in
691 993 830 1069 singulas
845 993 1051 1051 hebdomadas
1065 1008 1213 1050 coronam

252 1088 389 1160 Domini,
402 1090 458 1146 aut
468 1086 671 1146 Beatissimae
683 1085 836 1162 Virginis,
846 1085 898 1144 vel
912 1083 1091 1156 Rosarium‚
1105 1083 1213 1141 eiusve
1288 1143 1289 1156 ,

254 1179 384 1240 tertiam
406 1181 546 1256 partem,
568 1183 625 1238 aut
645 1178 776 1238 officium
799 1177 865 1237 sive
887 1177 1027 1236 divinum
1049 1177 1117 1234 sive
1142 1191 1215 1251 par-

252 1291 327 1334 vum
349 1274 488 1332 eiusdem,
505 1273 709 1333 Beatissimae
728 1271 884 1348 Virginis,
907 1271 957 1330 vel
980 1270 1211 1340 defunctorum,

255 1373 311 1430 aut
332 1372 449 1445 septem
471 1367 604 1444 psalmos
624 1367 884 1438 PoenitentialeS,
902 1366 952 1425 vel
973 1364 1146 1425 Graduales
1165 1381 1214 1422 re-

255 1463 385 1536 citabit3
407 1466 464 1522 aut
483 1463 662 1522 rudimenta
683 1461 755 1520 fidei
777 1462 915 1532 tradere,
939 1461 993 1518 aut
1015 1460 1159 1518 detentos
1181 1456 1213 1515 in
1288 1483 1289 1522 ς

254 1567 398 1628 carcere,
420 1555 472 1614 vel
494 1555 626 1614 alicuius
648 1557 756 1614 domus
783 1553 947 1629 hospitalis
969 1557 1116 1629 aegrotos
1137 1551 1215 1610 visi·
1288 1553 1289 1588 i

255 1654 344 1724 tare,
367 1651 423 1708 aut
450 1648 636 1724 pauperibus
657 1647 841 1718 subvenire,
865 1649 921 1706 aut
941 1645 1211 1716 Missam'audire,
1288 1637 1289 1676 3

254 1743 307 1802 v‘el
329 1743 356 1801 si
378 1741 518 1800 sacerdos
539 1743 600 1811 est,
622 1737 780 1798 celebrare
802 1740 974 1812 consuevit,
998 1739 1025 1798 ai
1046 1757 1122 1798 vere
1144 1756 1214 1814 poe·
1288 1815 1289 1820 η

254 1835 369 1908 nitens,
392 1838 425 1894 et
446 1829 599 1894 sacerdoti
621 1852 675 1909 per
690 1833 890 1894 Ordinarium
905 1833 1074 1910 approbato
1095 1831 1214 1890 confes·

254 1945 318 2000 aus,
334 1927 569 1986 Sanctissimum
590 1927 809 1986 Eucharistiae
825 1929 1060 1998 Sacramentum
1076 1944 1214 2002 sumpse-

255 2021 300 2081 rit
314 2021 346 2080 in
367 2021 507 2098 quolibet
520 2038 560 2079 ex
581 2019 687 2079 diebus
703 2019 927 2097 infrascriptis,
945 2019 1090 2078 nimirum
1104 2020 1213 2078 diebus

254 2115 344 2174 festis
364 2113 552 2176 Natiuitatis
572 2113 694 2172 Domini
714 2112 824 2174 Nostri
840 2115 908 2172 Iesu
930 2112 1061 2184 Christi,
1077 2112 1214 2187 Epipha-

255 2209 338 2281 niae,
351 2209 560 2282 Ascensionis,
571 2209 784 2279 Pentecostes,
795 2206 1017 2265 Sanctissimae
1029 2205 1211 2278 Trinitatis,

255 2302 399 2377 Corporis
414 2302 545 2373 Christi,
561 2305 627 2360 tum
644 2301 750 2360 diebus
765 2299 1017 2372 Purifioationis,
1033 2298 1214 2358 Annuncia-

254 2394 362 2466 tionis,
377 2393 605 2470 Assumptionis
620 2397 653 2452 et
672 2393 863 2454 Natiuitatis
872 2395 988 2453 Beatae
1008 2392 1129 2450 Mariae
1141 2391 1214 2451 Vir-

256 2485 349 2562 ginis,
366 2504 482 2545 necnon
506 2487 612 2545 diebus
632 2485 822 2546 Nativitatis
844 2487 875 2544 S.
893 2485 1015 2544 Ioannis
1036 2484 1211 2560 Baptistae,

255 2578 441 2638 Sanctorum
453 2580 676 2656 Apostolorum
688 2579 778 2638 Petri
790 2582 823 2638 et
834 2579 938 2652 Pauli,
957 2579 1110 2650 Andreae,
1126 2579 1213 2636 laco-

254 2671 299 2744 bi,
316 2673 451 2744 Ioannis,
467 2674 615 2746 Thomae,
635 2671 773 2749 Philippi
789 2675 821 2732 et
835 2673 947 2744 Iacchi,
962 2671 1210 2743 Bartholomaei,

254 2765 421 2838 Matthaei,
444 2765 579 2824 Simonis
600 2768 632 2823 et
653 2766 758 2834 Indae,
781 2765 931 2836 Mathiae‚
959 2763 1067 2822 Sancti
1089 2763 1212 2839 losephi

255 2858 365 2934 Sponsi
387 2861 422 2919 B.
436 2859 554 2918 Mariae
566 2858 721 2935 Virginis,
736 2862 830 2934 atque
844 2857 988 2918 Omnium
1011 2859 1209 2927 Sanctorum,

255 2951 382 3027 piasque
404 2953 440 3012 ad
463 2955 560 3011 Deum
581 2970 686 3028 preces
712 2951 830 3010 fuderit
846 2938 907 3028 'pro
930 2953 1093 3009 haeresum
1119 2956 1210 3026 atque
1288 3017 1289 3020 Ἴ

255 3048 456 3105 schismatum
477 3047 701 3122 extirpatione,
715 3047 803 3106 Fidei
818 3047 996 3106 Catholicae
1012 3048 1211 3124 propagatio·
1288 3029 1289 3068 i

255 3157 305 3210 ne,
327 3157 412 3213 pace,
435 3141 468 3197 et
488 3138 732 3198 christianorum
753 3139 928 3215 principum
943 3141 1116 3213 concordia,
1131 3144 1211 3200 cete-
1288 3181 1289 3210 ,

255 3230 360 3306 risque
382 3233 537 3290 Romanae
548 3231 705 3290 Ecclesiae
720 3231 970 3306 necessitatibus,
983 3233 1013 3290 in
1030 3251 1209 3310 unoquoque
1288 3219 1289 3258 i

255 3323 469 3398 praefatorum
499 3323 628 3383 dierum·
650 3327 821 3401 plenariam
849 3325 1078 3404 indulgentiam
1104 3345 1210 3386 conse-

256 3421 379 3492 quetur.

315 3509 373 3575 Qui
394 3512 499 3586 eadem
521 3509 552 3568 in
574 3510 645 3572 aliis
666 3510 755 3570 festis
776 3510 919 3585 Domini,
942 3514 998 3570 aut
1018 3513 1054 3571 Β.
1068 3511 1209 3588 Virginis
