2606 4268
648 207 827 270 -134-

253 318 553 394 modumiparerat
574 315 761 394 gravissima
783 315 926 394 reparari
953 317 1120 388 scandala,
1144 335 1227 392 quae

257 411 349 483 illata
369 411 400 469 in
423 411 689 488 publicumeraut
707 429 746 470 ex
763 415 812 470 tot
831 415 957 486 tamque
979 411 1157 470 enormibus
1173 412 1229 470 de·
1297 441 1298 484 r

258 505 355 579 lictis,
371 524 501 583 quorum
520 507 629 584 teipsa
651 506 683 564 iu
705 525 741 565 eo
763 505 838 574 folio
858 524 1004 566 accusare
1019 509 1055 566 ad
1073 506 1228 566 maiorem

257 593 470 676 poenitentiae
497 619 577 658 nunc
605 604 678 659 tuae
703 598 947 658 declarationem
977 618 1035 658 non
1054 599 1226 672 'dubitasti3
1297 631 1298 680 3

260 698 296 753 ut
316 695 374 752 hoc
395 693 518 752 scilicet
533 694 675 770 exemplo
691 693 770 752 alios
784 697 840 752 aut
856 693 962 770 iniquo
984 693 1153 752 obstrictos
1177 695 1229 752 iu·
1297 703 1298 744 3

259 787 450 858 reiurando‚
474 791 529 846 aut
556 788 717 860 intrusos,
743 789 800 845 aut
827 786 1055 863 quomodolibet
1081 786 1229 845 fautores

259 882 450 956 asseclasque
480 880 623 940 hodierni
651 880 832 939 schismatis
854 882 890 940 ad
914 879 1031 939 similes
1056 881 1227 938 eiurandos

260 991 395 1045 errores,
412 975 448 1032 ad
465 975 619 1034 Ecclesiae
642 973 672 1031 in
696 993 828 1050 quarum
844 992 875 1032 se
890 991 995 1033 curam
1018 972 1225 1045 intrnmrint,
1297 1047 1298 1050 Ἴ

260 1069 467 1140 abdicandas,
495 1087 530 1127 ac
556 1071 684 1128 'tandem
711 1069 747 1128 ad
778 1069 999 1130 revertendum
1025 1067 1056 1125 in
1083 1065 1227 1124 fidelium
1297 1079 1298 1086 ¹

162 1174 167 1186 ‘
260 1167 397 1234 coetum,
410 1163 489 1220 unde
505 1161 623 1238 perfide
637 1163 865 1233 abscesserant,
878 1160 1043 1235 excitares.
1057 1159 1133 1220 (ium
1149 1159 1229 1218 haec

260 1274 279 1315 a
302 1261 333 1316 te
355 1256 474 1314 sincere
496 1260 589 1331 atque
611 1241 775 1332 exanimo
791 1273 850 1312 non
867 1253 968 1312 solum
984 1253 1156 1322 declarata,
1171 1255 1226 1312 sed

261 1349 355 1409 etiam
378 1353 505 1426 peracta
530 1349 711 1419 videamus,
734 1347 871 1406 libenter
892 1347 930 1404 ad
953 1349 1023 1405 tuas
1048 1347 1227 1405 accedimus

260 1443 468 1504 sublevandas
490 1441 713 1514 necessitates,
737 1443 963 1517 proptereaque
986 1440 1162 1511 sacerdoti,
1186 1442 1228 1500 ad

262 1525 617 1613 excipiendas'fidelium
644 1534 854 1594 confessiones
880 1533 1069 1609 approbato,
1092 1551 1111 1592 a
1132 1537 1229 1610 teque

260 1629 327 1706 ipso
342 1627 495 1705 eligendo,
512 1627 681 1687 facultates
697 1626 886 1686 necessarias
901 1645 936 1685 ac
951 1631 1140 1702 opportunas
1154 1645 1230 1685 con-

262 1721 411 1792 cedimus,
428 1724 459 1778 te
481 1720 519 1778 ab
540 1720 860 1780 excommunicatione
882 1739 916 1779 ac
944 1721 1092 1796 gravibus
1115 1721 1229 1797 culpis,

261 1831 391 1890 quarum
415 1816 446 1872 te
468 1813 535 1890 ipse
555 1829 643 1872 reum
666 1813 809 1890 agnoscis
829 1817 924 1890 atque
950 1831 1097 1884 accusas,
1127 1813 1232 1872 absol-

262 1907 368 1966 vendi.
382 1907 491 1968 Nihilo
510 1911 614 1966 tamen
637 1907 738 1966 minus
759 1913 921 1984 postquam
944 1925 996 1966 eas
1016 1906 1231 1966 absolutiones

260 1999 448 2073 obtinueris,
471 2001 570 2058 adbuc
592 2018 757 2076 suspensus
779 2019 942 2060 remanere
964 2001 1059 2060 debes·
1077 2001 1115 2059 ab
1137 2016 1233 2059 exer-

261 2091 337 2150 citio
357 2093 575 2170 cuiuscumque
596 2094 735 2166 Ordinis,
754 2113 808 2154 nec
831 2113 889 2153 non
912 2099 945 2154 et
966 2093 1167 2171 irregularia,
1184 2097 1231 2152 te·

262 2205 322 2264 quo
337 2187 460 2245 nonnisi
483 2187 515 2246 in
537 2187 750 2247 communione
773 2189 853 2249 laica
874 2189 1090 2248 tantummodo
1112 2187 1232 2248 consti-

262 2283 365 2340 tutum
388 2297 455 2339 esse
476 2298 614 2340 censere.
1042 2301 1043 2304 ¹

263 2391 266 2398 ·
322 2372 420 2432 Nobis
437 2390 509 2432 vero
524 2391 591 2432 eum
608 2363 857 2450 perspexerimus
877 2391 968 2451 quam
990 2377 1176 2434 constanter
1196 2375 1231 2432 te

264 2464 408 2542 goresin
432 2469 485 2524 tuo
507 2465 660 2524 sentiendi
681 2465 871 2542 vivendique
892 2467 1069 2543 proposito,
1093 2470 1234 2543 postmo-

262 2559 336 2618 dum
358 2559 557 2618 statuendum
579 2557 665 2630 erit,
688 2558 897 2618 conveniatne
927 2578 1039 2620 novam
1061 2559 1230 2635 indulgere

262 2650 321 2713 tibi
334 2653 468 2730 gratiam
485 2652 650 2712 exercendi
664 2653 799 2729 aliquem
814 2653 961 2713 Ordinem
974 2653 1117 2730 legitime
1133 2656 1232 2712 antea

264 2766 283 2808 a
304 2754 336 2808 te
348 2752 545 2824 susceptum.
561 2751 665 2824 Atque
686 2747 748 2822 hic,
765 2748 878 2808 dilecte
894 2749 953 2822 fili,
970 2747 1231 2826 praetermittere

261 2843 327 2903 Nos
342 2847 473 2918 paterna
487 2839 627 2900 charitas
642 2859 701 2900 non
716 2840 804 2913 sinit,
819 2846 854 2901 ut
867 2845 898 2900 te
913 2842 1007 2901 etiam
1022 2842 1117 2917 atque
1131 2841 1232 2899 etiam

262 2951 303 2992 ex
325 2934 437 2992 intimo
458 2935 550 2992 eorde
572 2935 759 3006 hortemur,
781 2933 813 2991 in
835 2951 872 2992 eo
893 2934 925 2991 in
947 2951 1036 3010 quem
1063 2949 1232 3008 regressus

261 3045 296 3086 es
308 3025 408 3085 fidelis
429 3026 515 3085 vitae
528 3043 620 3085 cursu
637 3027 743 3085 sedulo
759 3045 794 3086 ac
808 3030 1050 3102 perseveranter
1064 3026 1232 3099 insistere,

263 3135 363 3194 neque
384 3118 448 3176 illis
471 3136 616 3194 umquam
630 3137 722 3179 aures
736 3121 898 3196 praebere,
915 3121 968 3196 qui
990 3122 1022 3178 te
1044 3137 1164 3178 summo
1182 3137 1235 3177 co-

264 3283 402 3331 volnminis
417 3284 520 3332 reterre:
539 3287 568 3331 ut
582 3286 604 3332 ei
620 3283 770 3342 quandoque
784 3285 927 3342 contigerit,
949 3297 1101 3343 quemqnam
1117 3285 1175 3330 eius
1190 3283 1234 3330 da-

264 3359 400 3406 leotionem
414 3359 518 3417 imitari,
536 3361 631 3414 lrabeat
645 3359 737 3406 infelix
751 3360 802 3407 iste
817 3362 959 3419 exemplum
978 3373 1055 3408 verae
1071 3367 1096 3407 et
1111 3358 1236 3407 sincerae

262 3435 459 3492 annotationis,
477 3435 544 3493 quod
560 3435 628 3481 omni
643 3436 755 3482 humano
772 3438 889 3494 respectu
904 3437 1049 3494 posthabito
1066 3437 1167 3484 imitari
1183 3448 1235 3483 no·

265 3517 314 3570 qne
327 3511 430 3568 tinem,
450 3520 531 3570 neque
549 3510 689 3558 erubeseat.
772 3534 774 3540 .
821 3542 822 3546 ,
892 3545 923 3548 ,,
