2632 4262
662 292 699 304 —
720 260 781 320 272
803 291 840 304 -

270 370 315 429 rit
329 387 406 445 quae
427 368 483 428 vix
505 385 611 444 parem
629 385 772 444 umquam
795 369 942 427 habuerit
962 368 1189 439 constantiam,
1204 371 1239 426 et

270 463 300 520 in
324 461 500 521 miserrima
521 479 626 521 rerum
658 462 794 520 omnium
817 461 1035 538 desperatione
1054 478 1117 520 non
1143 461 1239 520 modo

269 575 330 614 non
353 555 508 616 deterrita
530 555 588 628 sit,
612 557 663 614 sed
688 575 725 615 ne
748 555 900 633 gemitum
929 555 1051 632 quidem
1073 551 1237 624 emiserit3

271 651 364 725 atque
379 649 453 707 adeo
475 648 601 708 incursu
624 648 691 724 ipso
713 652 746 708 et
767 647 1006 706 coacervatione
1028 648 1187 707 malorum
1203 646 1240 702 et

272 743 390 814 maior,
413 745 446 801 et
471 741 668 818 promptior,
691 745 724 799 et
750 740 886 800 alacrior
908 759 1030 817 semper
1050 737 1237 808 emerserit,

272 853 328 894 nee
349 853 427 907 sese,
451 836 510 894 uisi
533 840 634 896 morte
649 834 871 908 intercidente,
888 838 945 894 aut
959 835 1098 908 flexerit,
1112 837 1171 894 aut
1185 850 1240 890 re-

273 929 407 1001 miserit,
430 933 485 989 aut
506 929 571 989 ullo
593 929 682 987 modo
704 927 854 988 desierit?

333 1023 416 1089 Quae
439 1021 541 1082 omnia
563 1021 589 1080 si
603 1020 662 1080 Pio
677 1021 774 1081 Sexto
797 1039 856 1079 uon
871 1023 960 1080 modo
978 1040 1036 1080 non
1049 1020 1237 1092 defuerunt,

272 1133 380 1174 verum
397 1117 468 1192 post
483 1114 701 1174 tristissimum
722 1113 813 1174 illum
828 1115 923 1187 diem,
937 1133 996 1190 quo
1008 1115 1093 1174 Urbe
1107 1119 1141 1172 et
1156 1113 1237 1172 Sede

273 1228 330 1268 sua
345 1207 395 1266 vel
417 1207 546 1279 eiectus,
565 1207 616 1266 vel
637 1207 797 1282 depulsus,
813 1206 865 1266 vel
880 1207 1041 1283 abreptus,
1057 1208 1091 1265 et
1111 1207 1239 1266 abstra-

272 1305 341 1360 ctus
363 1303 423 1372 est,
441 1302 587 1376 usquead
611 1299 711 1375 ipsum
734 1299 812 1358 illud
828 1303 1005 1359 extremum
1028 1303 1235 1370 momentum,

273 1412 334 1470 quo
350 1393 565 1452 beatissimum
581 1391 728 1468 spiritum
745 1391 838 1468 nimis
852 1409 921 1452 sero
938 1391 1010 1464 sibi,
1024 1392 1113 1451 nobis
1128 1396 1236 1452 autem

273 1489 333 1546 heu
356 1504 447 1562 quam
470 1485 562 1544 nimis
583 1485 665 1545 cito!
689 1485 867 1557 exhalavit,
891 1485 936 1546 sic
956 1486 1174 1559 abundarunt,
1200 1489 1237 1546 ut

177 1639 185 1655 ,
273 1583 339 1640 sine
361 1579 500 1639 lacrimis
527 1578 704 1638 meminisse
738 1578 824 1636 nullo
853 1579 942 1638 modo
971 1580 1143 1656 possimus,
1166 1581 1237 1656 quis

273 1677 396 1734 demum
419 1691 478 1732 non
508 1672 680 1744 fatebitur,
695 1671 732 1732 Ei
754 1671 941 1730 nobilissimi
963 1672 1114 1749 Martyrii
1137 1691 1236 1750 genus

273 1769 410 1832 etdeeus
425 1765 579 1826 divinitus
593 1765 689 1824 fuisse
705 1765 882 1824 tributum?
899 1766 944 1824 Ac
959 1764 1138 1826 incredulos
1152 1785 1233 1840 esse,

274 1876 403 1934 quorum
419 1857 548 1916 nefariis
569 1857 707 1916 consiliis
721 1861 754 1916 et
768 1859 939 1918 sceleribus
959 1859 1102 1934 quaesita
1116 1861 1237 1920 Paren-

273 1953 316 2012 tis
339 1952 448 2028 optimi
471 1970 553 2011 mors
568 1958 628 2024 est,
644 1955 678 2011 et
692 1952 818 2011 crudele
834 1957 993 2028 patratum
1015 1955 1234 2031 parricidium3

274 2064 311 2103 ne
334 2045 393 2121 ipsi
415 2045 537 2122 quidem
560 2063 668 2104 eorum
691 2049 837 2105 auctores
852 2049 885 2105 et
904 2046 1063 2106 adiutores
1087 2051 1235 2126 negaturi

274 2133 358 2199 sunt.
376 2138 450 2205 Quis
464 2143 513 2198 est
527 2139 607 2198 enim
625 2139 678 2215 qui
694 2139 814 2200 nesciat
829 2158 924 2218 usque
946 2142 1022 2200 adeo
1045 2143 1236 2216 processisse

273 2232 467 2311 perditorum
490 2233 648 2292 hominum
670 2233 906 2305 temeritatem,
930 2237 965 2293 ut
987 2252 1053 2292 esse
1075 2254 1107 2294 se
1130 2237 1237 2298 incre-

274 2328 363 2388 dulos
385 2327 573 2402 glorientur,
597 2331 630 2385 et
652 2327 764 2403 ubique
785 2326 935 2400 clament,
957 2345 994 2386 ac
1015 2328 1048 2386 in
1069 2329 1161 2389 laude
1181 2350 1237 2410 po-

257 2420 368 2490 ‚nantl
390 2421 527 2495 Itemque
543 2420 622 2495 apud
645 2419 822 2480 incredulos
832 2421 950 2496 Optimi
965 2425 998 2480 et
1011 2423 1141 2482 Maximi
1154 2427 1237 2485 Pon·

273 2514 368 2574 tificis
397 2517 499 2574 morte
528 2532 563 2572 ae
592 2515 743 2592 sanguine
771 2515 966 2592 obsignatam
996 2518 1249 2581 Sacrosanctam'

273 2609 382 2668 Fidem
397 2607 506 2681 fuisse3
522 2607 574 2684 qui
597 2608 741 2667 dubitare
757 2609 889 2686 poterit,
905 2609 959 2686 qui
974 2610 1097 2686 quidem
1112 2613 1235 2685 scierit,

274 2701 487 2762 beatissimum
509 2701 622 2762 Virum
643 2719 683 2760 ex
704 2720 764 2778 quo
792 2704 892 2762 Roma
915 2704 1076 2763 detractus
1098 2708 1163 2777 est,
1187 2725 1238 2765 eo·

274 2799 344 2857 rum
367 2815 488 2874 semper
510 2796 542 2855 in
565 2795 711 2857 manibus'
727 2815 763 2856 ac
786 2800 941 2872 potestate
964 2798 1072 2872 fuisse,
1089 2804 1182 2877 atque
1198 2820 1235 2860 cc

273 2889 305 2949 in
328 2891 392 2951 solo
418 2893 550 2950 mortem
578 2893 726 2967 oppetere
753 2890 912 2964 debuisse,
936 2891 989 2950 ubi
1011 2894 1112 2951 sedem
1137 2893 1236 2972 ipsam

274 3002 310 3042 ac
331 2983 523 3044 domicilium
545 2984 797 3056 incredulitatis,
821 2985 925 3044 invita
945 2989 1039 3061 gente
1062 2985 1181 3062 optima
1202 2992 1236 3047 et

274 3073 548 3145 christianissima,
562 3074 742 3135 iamdudum
757 3079 899 3136 statuere
916 3077 1238 3145 studueruntlQuam-

273 3167 378 3225 obrem
401 3169 436 3225 ut
459 3166 645 3226 nobilissimi
668 3170 817 3247 martyrii
841 3174 908 3229 tum
931 3171 1024 3230 decus
1045 3175 1112 3231 tum
1139 3191 1237 3250 genus

274 3257 482 3331 inveniamus,
506 3259 585 3318 nihil
607 3261 671 3320 erit
692 3266 857 3339 praeterea
878 3265 1101 3340 quaerendum,
1123 3266 1184 3326 nisi
1200 3269 1236 3326 de

274 3349 474 3408 interimendi
497 3351 660 3411 Pontificis
681 3355 864 3430 voluntate,
887 3356 923 3415 de
946 3361 1177 3418 tormentorum
1198 3362 1235 3419 ad

274 3443 515 3502 interimendum
539 3443 584 3518 vi,
604 3446 789 3519 acerbitate,
812 3449 1044 3522 diuturnitate;
1067 3453 1104 3510 de
1127 3453 1236 3512 Ponti·

274 3534 341 3609 ficis
361 3535 729 3622 alacritate,*firmitate‚
753 3542 940 3603 constantia.
959 3543 1018 3602 Sed
1041 3542 1236 3605 diuturnitas
