2582 4270
283 391 435 452 nationali
456 394 616 453 Conventa
639 394 882 454 declarationem
904 381 1045 463 faciant,
1062 368 1140 451 illud
1163 409 1253 450 sem-

283 502 339 560 per
359 503 434 562 prae
456 487 555 546 oculis
576 488 749 562 babentes,
773 489 894 548 nullum
919 489 958 546 ab
979 488 1055 564 ipsis
1077 490 1152 546 tune
1173 505 1253 546 oon-

283 581 368 640 trahi
390 582 636 654 matrimonium,
654 584 704 640 sed
728 584 832 642 actum
847 599 932 640 mere
947 581 1073 640 civilem
1088 580 1248 640 exerceri.

341 675 373 736 5.
387 677 516 735 Demum
539 676 570 734 in
592 673 737 752 praefata
765 675 976 736 declaratione
1005 675 1148 735 facienda
1168 693 1247 751 prae

283 767 381 826 oculis
401 768 516 827 habere
538 769 649 828 debere
671 769 894 828 saluberrimas
909 767 1048 844 regulas,
1061 785 1139 843 qnae
1154 785 1192 826 ea
1208 768 1249 825 de

282 879 316 924 re
345 861 497 938 leguntur
520 854 557 919 'in
588 863 797 922 Instructione
825 863 910 921 iussn
940 861 1129 921 Sanctitatis
1162 862 1247 920 Suae

282 959 414 1013 exarata
434 955 483 1013 die
503 954 544 1014 26
565 955 750 1031 septembris
771 955 845 1015 anni
862 955 938 1016 1791
954 971 1047 1030 super
1061 954 1246 1032 quibusdam

282 1046 514 1122 quaestionibus
534 1065 553 1107 a
574 1047 750 1107 Galliarum
769 1048 919 1124 episcopis
941 1047 1109 1124 propositis
1124 1047 1181 1126 (l).

341 1141 446 1216 Atque
475 1140 552 1198 haec
579 1140 726 1216 quidem,
750 1159 819 1200 cum
849 1141 1008 1220 praefatae
1037 1140 1246 1216 particularis

282 1233 536 1310 congregationis
557 1234 783 1306 Gurdinalium,
807 1241 874 1296 tum
896 1237 992 1294 etiam
1014 1235 1248 1292 1111110811-

282 1325 404 1385 ctitatis
433 1327 514 1386 Suae
542 1326 664 1386 nomine
686 1327 896 1404 AmpIItudini
919 1329 1004 1388 Tuae
1038 1327 1246 1404 algnificanda

280 1419 386 1492 habui,
409 1422 482 1478 dum
503 1437 560 1496 ego
582 1439 648 1478 meo
672 1423 795 1480 nomine
817 1421 1037 1483 observantiae
1052 1439 1137 1480 meae
1153 1422 1247 1480 testi-

280 1515 416 1572 monium
443 1513 651 1590 Amplitudini
673 1517 758 1574 Tuae
780 1515 910 1587 defero,
933 1531 1160 1591 perennemque
1185 1515 1245 1573 tibi

281 1625 299 1668 a
319 1607 450 1666 Domino
468 1606 656 1668 felicitatem
678 1625 799 1684 precor.

339 1701 454 1759 Romae
486 1718 526 1759 ex
557 1701 686 1760 aedibus
717 1701 880 1760 Vaticanis
912 1699 961 1759 die
993 1701 1129 1760 XXVIII
1161 1700 1240 1760 Maii

281 1811 360 1852 anno
381 1793 599 1854 MDOGXGIII.

722 1872 762 1931 F.
778 1873 819 1931 X.
845 1870 941 1931 Card.
965 1873 1003 1932 de
1023 1873 1159 1932 Zelada.

741 2005 775 2059 V

673 2109 701 2167 A
722 2107 744 2168 Ο
767 2109 792 2166 Τ
814 2109 842 2166 Α

418 2239 716 2308 SANCTISSIMI
738 2237 908 2307 DOMINI
929 2237 1102 2308 NOSTRI

389 2393 424 2438 IN
450 2391 663 2440 GONSIS'I'ORIO
689 2391 833 2438 SEGRE’I'O
860 2391 960 2436 raam
986 2389 1136 2438 sacuam

620 2473 677 2519 DIE
695 2473 724 2518 17
741 2472 826 2518 IUNII
843 2471 903 2516 1793

421 2581 527 2642 Causa
556 2584 644 2642 necis
676 2584 791 2641 illatae
822 2579 984 2640 Lodooico
1014 2580 1098 2639 XVI

470 2678 656 2741 Galliarum
676 2681 760 2758 Repi
782 2677 1061 2738 christianissimo
1159 2765 1162 2772 y

564 2815 790 2876 venerabiles
811 2817 950 2874 Fratres

340 2949 441 3014 Quare
462 2948 621 3020 lacrImae,
644 2951 677 3006 et
697 2945 855 3022 singultus
875 2945 972 3004 verba
992 2946 1089 3006 Nobis
1111 2963 1172 3003 non
1197 2946 1247 3004 in-

279 3041 471 3117 tercipiant?
491 3041 601 3100 Nonne
623 3039 723 3116 magis
744 3036 936 3115 gemitibus,
955 3055 1047 3114 quam
1076 3037 1142 3096 ulla
1164 3057 1245 3097 voce

278 3135 501 3211 significandus
522 3135 571 3192 est
591 3133 760 3191 immensus
774 3131 830 3190 ille
845 3131 942 3190 animi
963 3131 1064 3204 dolor,
1081 3147 1172 3206 quem
1188 3149 1246 3190 ex·

279 3245 422 3304 promere
443 3227 595 3304 cogimur,
619 3227 689 3285 dum
715 3225 803 3285 vobis
829 3224 1011 3284 nunciamus
1039 3224 1157 3282 editum
1179 3225 1246 3284 Lu-

278 3321 396 3396 tetiae,
419 3321 468 3379 die
498 3320 647 3379 vicesima
674 3319 776 3395 prIma
803 3317 938 3377 ianuarii
965 3317 1122 3376 currentis
1150 3319 1243 3388 anni,

276 3417 467 3474 horrendum
490 3414 568 3473 illud
591 3412 791 3472 crudelitatis
819 3417 912 3488 atque
933 3408 1140 3470 immanitatis
1171 3427 1245 3486 spe-

277 3507 459 3567 ctaeulumt

341 3621 375 3682 (1)
392 3617 451 3670 vid.
471 3621 540 3667 Tum.
559 3619 581 3664 1.
599 3629 657 3718 pag.
676 3617 730 3665 226.
