2606 4268
48 381 123 441 alias
138 399 256 459 quoque
268 383 423 444 dioeceses
437 384 524 444 facili
537 385 664 462 negotio
676 387 929 463 transgressuros
943 393 1010 447 tum

47 475 240 548 Britanniae,
256 479 325 535 tnm
340 477 475 538 aliarum
490 479 737 554 provinciarum,
751 479 906 556 inquibus
922 482 1011 543 nulla

49 569 105 629 tibi
125 575 211 632 esset
231 569 422 648 iurisdictio,
446 591 504 634 nec
526 574 603 636 satis
624 577 782 633 commode
804 593 920 652 posses,
936 593 1011 652 quo·

49 664 105 724 ties
126 683 203 742 epus
225 667 349 742 luisset,
374 671 411 728 ad
435 669 517 729 hane
538 670 646 729 Sedem
670 668 855 744 confugere:
879 667 952 727 hino
974 671 1010 730 ut

48 760 120 818 adeo
131 760 317 837 religiosum
335 779 410 838 opus
425 763 550 822 felicius
565 762 760 834 absolvatur,
774 761 915 837 postulat
929 779 1011 822 mar·

49 853 113 912 chio
134 873 154 914 a
172 854 282 928 Nobis,
302 859 398 932 tuque
420 847 517 917 etiam
532 857 686 934 postulas,
703 860 739 915 nt
753 873 858 916 omnes
879 855 937 915 tibi
952 855 1011 915 tri·

48 947 182 1008 tuantur
203 948 390 1024 facultates,
413 969 491 1028 quae
513 953 552 1012 de
572 969 658 1011 more
675 951 811 1034 Vieariis
832 947 1012 1027 apostolicis

49 1040 252 1116 tribuuntur,
274 1061 335 1119 quc
356 1062 559 1122 magnacum
581 1045 726 1104 utilitate
746 1043 845 1121 possis
866 1043 1010 1120 legitimo

47 1135 221 1196 ministerio
235 1135 325 1214 iungi
347 1142 379 1196 et
393 1138 474 1214 apud
490 1138 623 1211 milites,
636 1141 670 1196 et
685 1139 765 1214 apud
781 1136 888 1196 fideles
901 1153 1009 1196 earum

48 1229 232 1289 dioecesium
245 1235 338 1308 atque
353 1231 602 1308 provinciarum,
625 1231 657 1290 in
679 1249 756 1308 quas
777 1233 872 1290 erunt
893 1215 1010 1290 milites

46 1323 230 1399 profecturi.

100 1419 172 1478 Non
188 1437 350 1496 possumus
364 1418 509 1496 equidem
525 1419 604 1480 satis
623 1417 739 1478 merita
751 1419 843 1478 laude
864 1416 1010 1494 prosequi

46 1515 185 1570 restrum
205 1512 379 1588 utriusque
408 1513 551 1571 ardorem
580 1530 615 1572 ac
645 1512 802 1582 studium,
826 1510 1010 1587 petitiones-

46 1622 98 1679 qne
132 1607 262 1664 vestrae
294 1609 521 1664 consentaneae
553 1605 651 1666 Nobis
682 1605 832 1664 videntur
862 1621 928 1663 esse
959 1601 1010 1662 illi

46 1699 265 1772 declarationi,
289 1716 380 1776 quam
403 1701 468 1760 Nos
490 1699 634 1758 omnibus
659 1698 834 1758 Galliarum
856 1696 1009 1775 episcopis

48 1792 248 1866 patefecimus
282 1793 390 1853 citatis
417 1793 536 1852 nostris
560 1793 592 1850 in
618 1791 720 1853 forma
744 1793 855 1852 Brevis
888 1791 1009 1851 litteris

47 1885 105 1944 diei
127 1888 166 1946 31
189 1887 273 1959 iulii,
287 1887 348 1960 his,
363 1905 441 1964 quae
457 1889 631 1962 sequuntur
653 1885 777 1945 verbis:
800 1886 865 1947 «Si
886 1885 1011 1962 iniquo·¹
1069 1883 1074 1896 '

47 1995 144 2039 ›rum
159 1983 320 2040 hominum
342 1980 511 2040 insectatio
527 1999 562 2040 eo
576 1979 751 2052 devenerit,
769 1984 805 2038 ut
820 1981 943 2039 vestras
957 1997 1010 2038 cu·

46 2089 125 2132 »ras
154 2074 286 2134 inutiles
314 2077 371 2133 aut
397 2074 508 2134 irritas
536 2072 668 2143 fecerit,
692 2072 738 2131 ita
759 2077 796 2131 ut
815 2072 941 2148 quidam
965 2070 1009 2130 sit

46 2167 180 2241 alecus,
204 2155 386 2244 qui'careat
415 2167 558 2244 legitimo
587 2165 746 2242 superiore
775 2165 1006 2237 eeclesiastico,

46 2261 152 2319 »hanc
175 2263 291 2320 adeant
321 2260 525 2337 apostolicam
547 2261 658 2319 Sedem
680 2259 723 2332 ii,
749 2259 801 2335 qui
824 2263 914 2318 tanta
939 2277 1008 2318 cum

46 2353 165 2413 »laude
188 2371 312 2414 causam
328 2351 495 2412 sacerdotii
511 2351 675 2410 defendere
690 2369 722 2410 se
739 2351 929 2427 gloriantur3
942 2353 1008 2412 Nos

46 2450 155 2507 »enim
181 2454 324 2526 prompto
347 2468 382 2508 ac
404 2449 548 2525 legitimo
564 2465 762 2507 occurremus
783 2446 914 2519 auxilio,
927 2448 1007 2524 quod

46 2543 178 2602 »locum
205 2543 344 2615 habebit,
366 2544 460 2600 donee
483 2559 538 2602 vos
561 2542 715 2602 dioeceses
737 2544 862 2601 vestras
883 2559 1006 2618 regere,

46 2639 168 2712 »atque
194 2635 415 2696 administrare
438 2635 607 2713 possitis.»
623 2635 703 2694 Hinc
718 2635 799 2694 certi
818 2637 882 2696 Nos
903 2635 940 2692 de
955 2653 1008 2692 ne-

47 2730 189 2790 cessitate
218 2729 391 2806 petitarum
413 2729 625 2801 facultatum,
649 2729 854 2804 volentesque
876 2745 936 2786 uno
957 2745 1008 2785 eo·

47 2823 170 2900 demque
203 2828 344 2901 tempore
367 2823 572 2883 declarationi
603 2828 729 2882 nostrae
758 2823 950 2892 adhaerere,
972 2822 1006 2879 et

48 2915 175 2976 aliorum
200 2917 394 2978 confratrum
417 2916 488 2978 iura
510 2919 597 2976 sarta
619 2919 763 2991 tectaque
787 2931 926 2985 servare,
952 2929 1007 2988 op·

48 3013 211 3081 portunum
225 3009 365 3069 ducimus
389 3011 583 3086 distinguere
604 3009 830 3068 catholicarum
846 3006 1007 3082 copiarum
1092 3039 1099 3052 ·

48 3104 159 3164 milites
179 3122 199 3162 a
220 3104 341 3180 populis
363 3103 538 3163 alienarum
559 3103 760 3176 dioecesium,
778 3101 810 3160 in
825 3117 901 3178 quas
915 3117 1008 3178 prae-

49 3195 139 3257 dictae
163 3197 272 3274 copiae
294 3197 542 3274 proficiscentur.

98 3294 144 3351 Ad
160 3292 270 3350 fideles
285 3293 364 3367 quod
381 3291 514 3364 attinet,
530 3291 584 3368 qui
598 3291 730 3352 militiae
745 3290 799 3350 isti
822 3305 932 3347 nomen
950 3289 1006 3348 aut

50 3380 102 3442 iam
113 3387 281 3457 dederunt,
291 3389 346 3444 aut
358 3387 489 3458 dabunt,
499 3388 662 3461 sequentes
674 3387 737 3447 Nos
749 3382 1006 3443 consuetudinem

49 3472 75 3532 in
85 3476 250 3536 catholicis
263 3478 381 3553 regnis,
395 3483 426 3538 te
439 3479 588 3555 eligimus
603 3496 638 3537 ac
654 3477 844 3537 destinamus
859 3475 891 3534 in
905 3474 1005 3534 tetius

50 3570 199 3630 exereitus
221 3569 422 3630 Ordinarium
440 3572 478 3631 ad
500 3571 602 3630 instar
616 3567 777 3647 Capeliani
800 3567 941 3640 Maioris,
958 3566 1006 3625 ita
