2606 4268
64 430 96 490 in
124 429 262 508 asperis,
287 433 322 490 et
348 431 492 490 semitam
519 421 649 504 bonam‘,
674 451 729 510 per
755 431 848 510 quam
870 433 1036 493 ambulent

65 525 193 598 fideles,
224 542 262 583 ne
293 523 375 584 forte
404 525 563 585 offendant
593 529 631 587 ad
660 527 798 604 lapidem
828 529 920 604 pedes
951 546 1034 588 suos.

64 621 167 680 Huius
188 623 294 679 autem
315 618 558 694 sollicitudinis,
583 625 616 682 et
637 621 735 681 studii
762 623 928 681 innumera
950 621 1034 694 iam,

65 718 100 772 et
119 713 315 791 amplissima
329 714 506 774 Galliarum
519 715 664 794 Episcopi
681 717 816 776 habuere
837 716 1034 776 documenta.

65 808 186 868 Notum
215 809 299 868 enim
327 808 389 867 iam
411 815 460 869 est
489 828 548 868 non
571 810 602 868 in
625 809 739 870 Galliis
761 814 904 883 tantum,
929 809 1036 868 sedin

66 903 212 963 omnibus
234 905 332 963 etiam
354 903 581 964 catholicorum
603 904 781 982 principum
803 905 976 964 ditionibus
990 904 1037 962 iu·

65 998 182 1056 dicium
203 999 405 1074 Apostolicae
427 999 517 1058 Sedis
545 1000 696 1058 adversus
724 998 851 1058 civilem
878 997 1037 1056 constitu·

65 1095 185 1154 tionem
207 1093 292 1154 Gleri
315 1093 418 1170 Regni
440 1094 618 1155 Gallia-rum
638 1093 779 1166 editum,
803 1111 839 1153 ac
861 1092 1037 1170 pervulga-

66 1191 134 1246 tum
157 1186 259 1246 variis
274 1187 456 1262 apostolicis
477 1188 624 1261 Litteris,
639 1206 717 1264 quae
740 1187 825 1247 iussu
847 1186 1037 1246 Sanctitatis

65 1281 148 1340 Suae
172 1279 258 1356 typis
280 1281 396 1350 editae,
412 1285 445 1340 et
465 1281 670 1342 circumlatae
686 1287 770 1353 sunt,
789 1284 824 1340 ut
845 1279 953 1339 fideles
975 1276 1036 1338 sibi

64 1377 219 1432 caverent
240 1391 258 1432 a
286 1374 470 1449 perniciosis
499 1375 677 1446 erroribus,
705 1375 811 1452 quiin
834 1392 872 1432 ea
893 1373 1037 1432 contine-

65 1467 196 1526 bantur.
217 1469 343 1528 Novum
374 1486 455 1526 nunc
476 1469 597 1528 accedit
625 1467 849 1528 sollicitudinis
870 1466 1038 1525 documend

66 1565 147 1632 tum,
165 1578 235 1618 cum
257 1561 417 1620 Sanctitas
441 1563 504 1622 Sua
526 1563 635 1622 volens
656 1563 810 1634 omnibus,
834 1557 1036 1638 quantumin

65 1673 97 1714 se
118 1659 190 1727 est,
214 1658 379 1730 prodesse,
402 1655 435 1713 in
458 1675 554 1716 onum
576 1656 705 1734 colligi,
728 1661 762 1716 et
783 1655 871 1733 typis
893 1652 1038 1712 mandari

65 1753 177 1818 curat,
202 1766 237 1806 ac
259 1747 384 1824 publica
405 1749 496 1824 ficri,
520 1755 553 1810 et
574 1749 750 1810 communia
770 1750 913 1808 omnibus
935 1747 1038 1806 Galli-

64 1858 217 1900 canarum
240 1841 448 1902 Ecclesiarum
471 1844 634 1920 episcopis,
650 1848 744 1920 atque
765 1840 1037 1903 administratori-

65 1935 124 1992 bus
146 1934 325 1994 vacantium
348 1937 541 1998 Dioecesium
563 1939 828 2005 communionem,
846 1939 879 1994 et
900 1936 1036 2012 gratiam

66 2025 158 2084 Sedis
180 2028 369 2102 apostolicae
392 2031 597 2100 habentibus,
626 2047 680 2088 nec
710 2048 768 2087 non
791 2029 864 2088 aliis
892 2029 1036 2088 fidelibus

65 2121 330 2204 quibuscumque,
346 2123 404 2182 illa
419 2141 579 2200 responsa,
595 2123 728 2198 illasque
744 2123 928 2194 decisiones,
945 2138 1035 2197 quae,

65 2215 128 2272 etsi
158 2214 197 2273 ab
218 2219 325 2274 eadem
352 2217 531 2277 Sanctitate
553 2219 634 2290 Sua,
658 2215 765 2276 audito
787 2216 874 2293 prius
903 2213 1036 2273 consilio

65 2307 206 2368 selectae
219 2309 433 2370 cardinalium
448 2311 722 2388 Congregationis,
738 2309 897 2368 nonnullis
912 2313 1036 2367 tantum
1096 2330 1101 2344 ·

63 2400 251 2476 petentibus
272 2403 410 2464 traditae
432 2404 508 2476 sint,
526 2387 585 2462 nou
607 2403 672 2462 alia
693 2403 731 2462 de
751 2421 857 2475 causa,
881 2403 940 2460 nisi
967 2419 1039 2477 pro·

63 2501 140 2570 pter
153 2495 327 2570 peculiares
342 2515 543 2558 aerumnosas
557 2497 753 2574 singulorum
769 2495 1036 2568 circumstantias,

64 2589 249 2648 adiumento
272 2593 377 2649 tamen
399 2609 492 2668 quam
522 2591 657 2650 maximo
677 2591 831 2668 praefatis
861 2590 1035 2666 episcopis,

65 2687 164 2758 atque
187 2684 496 2745 administratoribus
517 2705 582 2746 esse
605 2691 747 2762 possunt,
768 2685 832 2762 qui,
849 2685 876 2742 si
898 2685 982 2741 forte
1004 2683 1037 2740 in

65 2778 193 2834 eosdem
216 2776 388 2836 inciderint
408 2795 517 2851 casus,
540 2779 657 2838 habent
679 2780 759 2836 unde
781 2777 923 2853 regulam
946 2777 1038 2832 desu-

66 2875 160 2927 mant
181 2869 386 2944 tutissimam,
407 2875 442 2930 ut
463 2873 496 2929 et
516 2870 704 2947 promptius,
721 2873 755 2928 ct
776 2868 954 2930 accuratius
969 2885 1039 2944 gra·

66 2961 210 3020 vissimis
233 2961 373 3022 fidelium
394 2963 633 3024 necessitatibus
654 2967 840 3036 occurrant,
858 2979 985 3020 necnon
1001 2969 1039 3020 ut

67 3059 107 3114 in
128 3057 352 3117 Ecclesiorum
380 3065 470 3117 stato
490 3075 617 3135 quoquo
644 3057 735 3116 modo
760 3059 894 3116 interim
915 3073 1039 3132 compo-

66 3149 190 3219 nendo,
207 3158 354 3208 servetur
375 3153 414 3211 ob
436 3154 583 3210 omnibus
604 3169 691 3223 uuo,
715 3159 745 3210 ct
766 3151 836 3228 fida
857 3152 1035 3209 consensio.

67 3242 177 3302 Verba
198 3246 273 3300 sunt
294 3245 327 3300 S.
343 3244 492 3320 Cypriani
507 3243 597 3318 epist.
615 3245 656 3301 32
673 3243 749 3302 ellit.
765 3245 897 3302 Baluuii.

130 3335 350 3396 Peculiaribus
366 3339 449 3395 hisce
464 3336 632 3412 responsis,
642 3341 735 3412 atque
749 3337 956 3396 decisionibus
968 3336 1039 3395 sub·

68 3430 217 3507 iungitur
241 3431 400 3488 indultum
422 3431 558 3488 eiusdem
575 3428 763 3488 Sanctitatis
785 3430 865 3488 Suae
882 3447 938 3505 pro
960 3430 1039 3488 fide-

68 3525 153 3583 libus
183 3523 286 3600 Regni
307 3523 500 3596 Galliarum,
526 3525 561 3581 ut
581 3522 605 3580 ii
627 3523 747 3599 possint
769 3524 825 3582 hoc
855 3523 1038 3582 teterrimae

70 3621 290 3681 insectationis
313 3624 454 3698 tempore
477 3621 695 3697 Indulgentias
716 3620 847 3679 lucrari.

900 3723 918 3758 ἡ
