2624 4260
714 216 893 276 -172-

323 329 498 388 iuratorum
519 331 552 387 et
573 326 750 388 schismatis
771 325 946 387 exorientis
966 325 1117 395 fautores,
1135 323 1282 380 venturos

323 422 361 481 ad
376 421 452 494 Nos,
476 423 512 479 ut
531 421 722 498 aequitatem
744 419 913 481 iuramenti
935 419 984 479 sui
1012 417 1235 502 propugnent‚
1257 417 1283 470 et

323 513 515 574 damnationi
529 516 666 577 Nostrae
690 515 780 574 iidem
803 516 981 591 abrogent5
996 515 1144 589 Nosque,
1170 511 1197 569 si
1220 507 1283 568 fieri

323 599 434 684 postit,
450 607 712 672 circumveniant.
726 611 913 679 Laudamus,
927 610 964 667 D.
978 604 1015 666 1⁴¹.
1031 607 1072 668 N.
1086 602 1282 680 diligentiam

324 707 430 774 taam,
449 703 528 777 quod
550 701 734 778 episcopalis
761 701 854 760 officii
885 701 1012 760 duxeris
1040 697 1282 776 praemonendos

323 796 388 856 Nos
410 811 488 866 esse,
505 797 539 854 ut
560 795 699 854 homines
715 794 890 854 huiusmodi
912 811 1105 854 caveremus.
1122 791 1190 852 Nos
1214 806 1280 848 vero

324 888 355 946 in
370 888 427 946 hac
442 905 546 962 causa,
561 889 667 964 quales
683 890 720 948 ab
735 888 828 949 initio
842 887 971 961 inimus,
983 889 1064 948 tales
1077 885 1198 945 erimus
1214 902 1283 943 sem·

324 999 392 1056 per,
415 983 451 1040 ut
470 985 621 1058 appareat
643 982 722 1040 nihil
745 987 862 1041 temere
885 999 1029 1058 umquam
1052 983 1107 1038 aut
1128 975 1283 1054 praeiudi-

324 1074 372 1132 cio
394 1074 497 1151 aliquo
512 1076 550 1134 ab
569 1075 712 1135 Ecclesia
726 1075 808 1147 fieri,
825 1093 934 1134 verum
950 1073 1054 1134 omnia
1074 1072 1107 1130 in
1121 1089 1172 1142 ea,
1189 1067 1283 1128 divini

325 1167 463 1244 Spiritus
478 1167 633 1244 sapientia
648 1171 790 1244 regente,
810 1167 898 1226 cuius
912 1171 1006 1226 ductu
1022 1182 1130 1226 errare
1147 1181 1211 1222 non
1225 1179 1283 1238 pos·

326 1278 442 1335 sumus,
455 1261 681 1322 administrari.
696 1260 779 1331 Tibi,
792 1263 828 1320 D.
841 1262 879 1321 F.
893 1263 922 1322 N
926 1304 947 1334 .,
961 1260 1102 1338 episcopo
1113 1261 1285 1318 Ruremun·

327 1357 403 1427 dae,
430 1353 605 1430 ceterisque
634 1353 705 1412 istis
731 1353 849 1414 Christi
870 1353 1118 1423 confessoribus,
1138 1349 1237 1412 Nobis
1257 1347 1283 1404 ir

325 1447 452 1510 Christo
474 1447 654 1519 carissimis,
670 1446 873 1522 apostolicam
890 1447 1149 1518 benedictionem,
1166 1441 1284 1522 paterni

325 1545 359 1600 et
380 1541 465 1618 grati
487 1539 583 1599 animi
597 1539 707 1600 Nostri
728 1539 840 1617 pignus
854 1537 1055 1616 peramanter
1075 1537 1282 1614 impertimur.

379 1637 450 1694 Dat.
462 1653 502 1693 ex
513 1635 637 1692 coenob.
651 1635 796 1694 Canthus.
810 1651 907 1710 prope
918 1633 1060 1692 Floreat.
1074 1631 1124 1691 die
1137 1632 1232 1690 XXX
1243 1631 1284 1688 lu·

327 1729 362 1787 lii
384 1729 634 1800 MDOOXOVIII,
648 1726 854 1786 Pontificatus
875 1725 986 1786 Nostri
1008 1742 1088 1784 anno
1107 1723 1229 1782 XXIV.

813 1820 959 1896 Iosephus
979 1816 1127 1890 Marotti,
1221 1809 1223 1811 ’

707 1911 762 1974 SS.
780 1913 820 1972 D.
836 1913 876 1972 N.
895 1915 934 1972 ab
955 1913 1098 1988 epistolis
1120 1910 1250 1968 latinis.

750 2099 862 2154 ΙιΙΙΙ.

638 2226 831 2272 vssusnsrnr
851 2225 971 2268 nsarsr

609 2323 614 2336 ’
690 2355 919 2416 sslscrsoo

638 2527 793 2604 Episcopo
821 2527 979 2586 Auricosi

514 2693 710 2772 PIUS
765 2691 983 2770 ΡΑΡΑ
1029 2689 1096 2766 Vl.

441 2877 528 2936 ven.
549 2877 682 2946 Frater,
703 2877 854 2934 salutem
876 2877 912 2932 et
931 2873 1169 2943 Apostolicam

658 2969 953 3028 Benedictionem.

387 3122 477 3184 Nihil
504 3140 523 3181 a
551 3125 582 3180 te
611 3121 807 3180 commissum
832 3127 900 3195 est,
927 3123 1007 3181 Veu.
1029 3120 1166 3191 Frater,
1192 3133 1287 3194 quaro

328 3219 407 3294 quod
431 3217 563 3274 nondum
592 3232 647 3290 per
668 3217 886 3291 procuratores
909 3219 979 3274 tuos
1002 3213 1135 3273 visitata
1156 3212 1222 3272 sint
1242 3225 1304 3269 sa·³

328 3327 382 3368 cra
397 3310 452 3368 SS.
469 3309 687 3384 Apostolorum
709 3307 846 3380 Limina,
862 3311 918 3368 aut
938 3307 1030 3384 culpa
1050 3307 1156 3384 aliqua
1176 3304 1292 3366 obstri-

328 3405 430 3474 ctum,
453 3405 508 3460 aut
529 3418 659 3460 censura
680 3401 746 3459 ulla
767 3399 977 3460 ecclesiastica
1003 3399 1147 3460 affectum
1170 3403 1203 3459 te
1222 3416 1291 3458 esse

329 3492 514 3568 arbitreris3
537 3511 606 3552 oum
627 3493 775 3570 quidquid
798 3493 916 3554 iactum
937 3511 995 3552 non
1018 3497 1084 3566 est,
1106 3493 1139 3553 id
1161 3495 1295 3569 propter
