2582 4270
449 307 487 320 ..
509 279 548 335 47
569 307 606 319 ..

45 388 106 449 sibi
127 389 278 448 caverent
298 389 468 465 aquodam
495 386 620 447 Gnillot
645 390 682 447 de
703 388 896 461 Folleville,
919 407 1011 466 quem
1082 421 1083 424 ¹

45 479 213 558 perhibent
234 498 265 538 se
286 479 423 556 episcopi
437 481 554 557 Agrea,
578 491 611 540 et
629 479 743 540 vicarii
765 481 932 557 apostolici
954 501 1010 542 no·

46 575 130 634 mine
151 589 341 650 nuncupare.
358 573 509 640 Quoniam
533 577 638 633 autem
661 575 727 634 illis
741 574 869 636 Nostris
890 576 1012 637 litteris

46 667 216 745 peculiaris
237 669 274 726 de
290 670 322 726 te
337 667 453 728 mentio
468 667 554 726 facta
572 671 632 740 est,
647 672 856 746 opportunum
871 671 1012 730 ducimus

47 763 131 820 hisce
151 761 322 838 adiungere
337 763 507 822 earundem
522 762 706 822 litterarum
728 763 917 839 exemplum,
928 766 964 824 ut
975 767 1012 824 tu

47 873 168 932 quoque
184 855 380 916 dioecesanos
401 859 473 916 tuos
495 857 534 916 ab
556 855 734 915 huiusmodi
761 856 942 934 deceptione
963 876 1013 917 re-

48 950 216 1010 trahendos
236 949 372 1008 maxime
394 967 495 1008 cures.
513 950 681 1026 Speremus
702 949 845 1026 equidem
866 951 952 1024 foro,
975 955 1012 1011 ut
1130 1007 1132 1020 ,

47 1041 210 1120 angustias
224 1047 258 1101 et
271 1041 498 1119 aegritudines,
511 1041 543 1100 in
558 1041 670 1118 quibus
689 1061 864 1117 versamur,
885 1044 1012 1104 tandem

47 1135 216 1212 aliqnando
238 1135 353 1212 gaudia
374 1138 407 1194 et
427 1134 656 1194 consolationes
670 1135 840 1212 excipiant,
860 1156 936 1213 quas
948 1139 1013 1200 No·

49 1228 123 1288 stris
151 1245 226 1288 sane
261 1227 406 1305 precibus
434 1228 575 1304 quotidie
597 1247 616 1288 a
636 1231 699 1288 Deo
720 1229 846 1306 Optimo
874 1231 1012 1290 Maximo

47 1322 254 1398 postulamus,
279 1323 351 1380 dum
373 1321 502 1381 interim
518 1321 589 1394 tibi,
602 1321 667 1380 tuis
688 1322 911 1395 confratribus,
927 1323 1013 1383 aliis-

46 1435 105 1493 que
125 1415 348 1475 ecclesiasticis
370 1415 470 1474 Gallis
492 1415 524 1472 in
539 1414 602 1474 isto
624 1431 721 1491 regno
735 1416 1010 1490 commorantibus,

44 1510 248 1587 apostolicam
264 1509 512 1568 benedictionem
534 1511 734 1584 peramanter
756 1509 968 1586 impertimur.

104 1605 222 1664 Datum
244 1605 361 1662 Romae
382 1601 432 1660 die
446 1604 475 1662 ΙΙ
490 1602 684 1679 Septembris
699 1605 918 1678 MDOOXOlll,
932 1605 1013 1664 Pon-

45 1698 189 1760 tificatus
209 1696 320 1758 Nostri
339 1714 419 1755 anno
440 1697 528 1755 XIX.

507 1877 555 1933 X.

309 2003 484 2048 densissimo
506 2004 599 2048 ancre
619 2004 757 2048 rnrncrm

395 2149 666 2242 nueusro

229 2309 373 2386 Mapaoe
394 2297 596 2368 Britanniae
616 2309 715 2386 Rapis
742 2307 831 2367 Filio

258 2477 431 2558 PIUS
485 2477 679 2555 PAPA
731 2477 802 2555 Vl.

249 2665 448 2724 celsissime
469 2664 648 2738 Princeps,
670 2666 833 2724 Salutem.

105 2825 200 2886 Haud
220 2821 382 2901 ingratum
403 2823 472 2884 fore
494 2825 679 2900 putabamus
698 2822 805 2899 regiae
826 2820 1016 2884 Gelsitudini

41 2923 142 2990 tuae,
165 2919 246 2994 quod
272 2919 364 2976 hasce
378 2919 512 2978 Nostros
534 2918 660 2978 litteras
681 2917 856 2976 reddendas
877 2914 936 2974 tibi
959 2934 1015 2975 cu-

44 3029 154 3073 remus
165 3011 231 3088 ipso
245 3010 312 3070 fere
325 3010 476 3087 temporis
499 3014 657 3070 momento
672 3009 793 3070 reditus
805 3009 852 3069 tui
866 3009 904 3068 ad
919 3008 1015 3070 istam

45 3107 182 3178 urbem,
205 3121 296 3182 quem
326 3105 464 3164 faustum
492 3105 675 3182 felicemque
700 3103 797 3164 fuisse
818 3103 1013 3163 confidimus.

44 3202 168 3262 Nostra
189 3199 273 3256 enim
294 3197 427 3257 consilia
448 3217 509 3258 non
531 3199 593 3259 alio
609 3200 763 3275 spectant,
786 3196 846 3256 nisi
868 3199 906 3256 ut
919 3195 1016 3257 etiam

46 3298 143 3370 atque
165 3291 263 3351 etiam
279 3291 339 3350 tibi
361 3292 442 3352 certi
458 3292 524 3352 sint
545 3295 637 3370 atque
652 3291 811 3368 explorati
831 3291 943 3352 Nostri
964 3290 1016 3350 illi

45 3384 307 3457 existimationis,
334 3388 367 3445 et
387 3386 545 3446 amicitiae
566 3387 598 3444 in
621 3389 653 3446 te
673 3403 791 3458 sensus,
808 3403 885 3462 quos
898 3386 1015 3446 Nostro

46 3479 250 3569 concepimuq
268 3479 371 3539 animo
392 3497 468 3558 erga
488 3480 713 3542 celsitudinem
736 3482 841 3552 tuam,
864 3496 934 3538 cum
955 3496 1014 3538 non

45 3571 113 3633 eine
126 3575 248 3636 Nostra
262 3571 378 3632 eximia
391 3574 557 3651 voluptate
580 3573 611 3632 in
627 3575 684 3634 hac
702 3573 784 3634 alma
806 3573 883 3632 urbo
897 3589 1015 3632 moram
