2632 4262
626 228 803 290 -310-

293 334 478 412 capucciuis
499 337 678 398 Conventus
699 335 937 414 Burdigalensis
959 354 978 396 a
998 335 1088 396 civili
1113 339 1211 413 pote*

234 432 316 490 state
345 432 486 508 expulsis
512 432 649 492 consulit
674 433 770 493 Sacra
790 431 1000 510 Gangregatio
1022 432 1060 489 de
1081 431 1210 506 Propa-

234 523 336 600 ganda
356 525 434 584 Fide
456 526 638 602 opportunis
660 524 876 586 facultatibus.
893 526 918 584 Ι.
932 525 1003 584 374.

292 617 512 678 Gurdinalibus
532 618 605 694 quid
631 620 786 695 agendum
811 635 867 694 pro
896 617 1048 677 electione
1077 634 1208 675 succes·
1296 689 1297 698 ἦ

234 711 313 772 soris
334 711 385 770 Pii
407 713 460 771 Vl.
483 711 562 772 Vide
585 709 1003 773 conclaue.-Gardinalium
1024 709 1145 770 Altieri
1169 714 1207 769 et
1296 699 1297 718 ¹

232 805 341 866 Antici
356 800 826 880 renunciationes.il.174,176.
839 808 976 866 -Ecrum
992 804 1205 881 protestatio·

234 915 289 958 nes
303 916 358 958 seu
372 901 626 960 retractationes.
637 901 709 973 250,
722 899 997 961 254.·Cardinalis
1013 901 1050 958 de
1060 898 1208 958 Brieune·

232 991 389 1052 abdicatio
418 993 613 1053 admittitur.
628 995 653 1053 1.
669 994 740 1054 233.
758 1026 774 1038 -
789 993 968 1054 Oardinalis
989 994 1026 1051 de
1048 991 1203 1053 Lomenie

234 1085 382 1162 arguitur
393 1105 412 1146 a
422 1085 480 1146 Pio
490 1087 543 1145 Vl.
552 1085 900 1146 I.55.-Gardinalitiam
912 1085 1100 1162 dignitatem
1113 1084 1205 1145 abdi-

233 1183 295 1238 cat.
313 1179 384 1239 432.
396 1211 410 1222 ·
420 1179 703 1240 Renunciationem
723 1178 869 1239 admittit
889 1179 965 1238 Pius
977 1180 1032 1238 VI.
1045 1177 1201 1251 233,255.

249 1271 251 1275 ’
292 1271 602 1348 Carpentoractensis
622 1269 763 1349 Episcopi
779 1272 860 1332 laus.
877 1273 902 1331 I.
919 1271 1202 1347 305.-Garpento·

232 1366 387 1426 ructensis
415 1366 528 1426 civitas
554 1366 626 1426 iura
653 1366 787 1426 hominis
815 1384 834 1424 a
857 1367 1021 1428 Gonventu
1042 1365 1202 1426 Nationa-
1299 1419 1300 1422 ,

234 1459 260 1520 li
279 1459 442 1537 proposita
466 1459 631 1532 admittit,
656 1463 689 1518 et
711 1478 743 1520 se
764 1460 910 1520 subducit
933 1459 1046 1519 ditioni
1067 1459 1203 1518 Pontifi-

235 1553 313 1612 ciae.
330 1555 355 1613 Ι.
373 1553 431 1612 182
445 1556 478 1612 et
493 1571 557 1628 seq.
1102 1574 1105 1582 ·

294 1648 390 1708 Casus
418 1647 507 1706 Sedis
533 1647 733 1723 Apostolicae
761 1647 994 1724 quomodolibet
1023 1645 1197 1706 reservati,

239 1739 318 1799 Vide
337 1740 537 1801 Facultatum
561 1742 599 1802 19
620 1740 729 1800 Martii
753 1743 842 1804 1792.
860 1744 884 1802 Ι.
901 1743 972 1802 286.

293 1837 731 1911 Oensurarum'quarumlibet
745 1837 784 1896 ab
795 1837 945 1914 Episcopo
960 1834 1132 1896 relaxatio.
1147 1833 1204 1891 V·-

233 1928 272 1988 de
292 1927 490 1987 Facultatum
514 1929 552 1989 19
572 1928 681 1988 Martii
704 1929 793 1989 1792.
811 1930 835 1988 Ι.
852 1930 924 1990 286.

294 2022 559 2082 Glaromoutensis
584 2022 756 2100 Episcopus
777 2015 1000 2100 (Franciscus)
1022 2019 1135 2080 scribit
1158 2019 1199 2078 ad

234 2116 397 2175 Summum
418 2116 617 2190 Pontificem,
640 2116 711 2176 ideo
732 2117 890 2176 laudatus.
908 2119 932 2177 Ι.
948 2116 1019 2176 267.

291 2210 540 2272 Communicatio
562 2211 750 2288 praesertim
771 2211 805 2269 in
827 2210 944 2270 divinis
964 2227 1035 2270 cum
1056 2205 1193 2272 lntrusis

233 2305 267 2362 et
288 2303 517 2378 Retractariis,
539 2323 728 2382 quocumque
754 2304 877 2363 nomine
901 2303 1120 2380 appellentur,
1144 2318 1202 2360 re·

100 2470 102 2474 Ι
231 2395 304 2455 tita.
321 2397 362 2455 11.
377 2397 428 2456 84.

294 2488 448 2550 (lonclare
475 2508 532 2567 pro
561 2491 704 2568 eligendo
733 2509 909 2552 successore
936 2490 987 2551 Pii
1012 2489 1057 2550 Vl
1085 2488 1137 2548 ubi
1162 2489 1197 2548 et

233 2584 355 2660 quaudo
367 2600 406 2641 ex
417 2582 554 2643 eiusdem
566 2585 692 2644 decreto
704 2585 889 2646 habendum.
903 2586 943 2644 Il.
960 2585 1030 2656 144,
1044 2580 1113 2653 156,
1125 2579 1194 2640 195.

294 2679 520 2739 Concordatum
548 2677 632 2738 inter
659 2681 793 2738 Leonem
815 2681 845 2739 X
865 2681 899 2738 et
919 2675 1122 2737 Franciscum
1143 2673 1157 2732 Ι
1178 2689 1201 2730 a

233 2773 376 2850 generali
390 2773 528 2834 Oonoilio
541 2773 747 2833 Lateraneasi
762 2774 791 2833 V
805 2772 1022 2849 approbatum.
1040 2772 1065 2830 Ι.
1082 2766 1133 2827 85.

294 2867 496 2929 Confirmatio
520 2869 553 2926 et
577 2865 769 2926 consecratio
794 2866 939 2943 Episcopi
961 2865 999 2924 ad
1022 2863 1118 2923 solam
1140 2860 1201 2920 Sa·

232 2961 301 3019 dem
324 2961 535 3038 Apostolicam
558 2979 639 3020 nunc
661 2962 794 3036 spectat,
811 2959 947 3019 exclusis
968 2954 1064 3018 etiam
1080 2957 1196 3016 Metro-

233 3053 394 3130 politanis.
404 3057 429 3114 Ι.
439 3055 509 3126 147,
524 3053 678 3113 153.-Ius
692 3052 1011 3128 Metropolitanorum
1030 3049 1202 3126 antiquum*

232 3165 252 3206 a
271 3146 361 3206 Sedis
382 3147 583 3222 apostolicae
605 3145 848 3206 iuremanabat.
865 3145 944 3205 Ibid.
961 3147 1072 3220 etseq.
1104 3143 1107 3150 '

292 3238 614 3301 Constitutio-civilis
636 3240 714 3298 cleri
736 3259 755 3300 a
776 3240 940 3299 Conventu
968 3235 1123 3298 nationali
1144 3237 1196 3294 de·

232 3333 644 3394 creta.1.385.-Instructio
659 3333 797 3392 eiusdem
812 3333 993 3395 Conventus
1007 3330 1093 3390 circa
1106 3347 1197 3407 prae·

232 3427 348 3488 dictam
363 3424 639 3489 constitutionem.
654 3425 724 3485 420.
739 3459 753 3468 -
767 3426 867 3486 Huius
889 3442 1014 3484 errores
1033 3421 1192 3500 praecipui

233 3539 253 3581 a
272 3522 331 3582 Pio
352 3522 397 3583 VI
421 3517 590 3597 improbati
614 3535 651 3578 ac
675 3517 819 3580 refutati.
836 3519 1015 3581 162·Βο
1040 3517 1190 3580 laicorum
