2632 4262
422 263 661 329 „285-

86 375 132 438 sit
152 373 341 435 consolatus?
365 374 435 452 Ipsa
455 372 513 434 illa
534 373 706 452 singularis
726 376 760 434 et
781 373 888 435 divina
908 378 1050 437 consten-

85 471 145 546 tia‚
161 489 238 548 quae
252 473 321 531 toto
342 468 469 529 itineris
484 471 636 548 tempore,
652 487 688 530 ao
709 469 855 548 quamdiu
877 474 986 548 postea
999 469 1050 529 vi·

86 565 150 638 xit,
165 561 366 624 admirationi
388 561 531 622 omnibus
552 561 632 635 iuit3
659 581 760 624 annon
788 580 893 640 parem
916 564 1051 625 admira-

86 657 204 719 tionem
226 656 347 730 babuit,
363 675 456 734 quum
474 655 622 717 incolumi
650 660 763 730 Roma,
778 658 882 719 hostes
902 657 996 718 minis
1016 661 1050 720 et

86 750 283 828 proximari
315 768 408 828 quam
429 749 527 811 armis
554 753 658 811 essent
684 750 838 826 allaturi,
865 751 1049 815 Pontificem

85 844 251 922 impellere
262 844 422 916 volebant,
438 847 475 905 nt
485 843 606 926 deleret
618 845 847 922 abrogaratqne
859 846 963 907 omnia
972 863 1050 923 quae

88 939 126 997 de
146 936 474 998 EcclesiaGallicana
494 937 677 998 statuisset?
701 937 893 1014 Itaqueiam
916 942 982 999 tum
1004 939 1050 998 di·

87 1031 242 1104 cebamus,
256 1030 349 1090 Pium
371 1030 502 1091 Sextum
524 1032 582 1091 hac
604 1031 766 1108 praeclara
784 1033 963 1094 constantia
975 1051 1052 1092 ›sen-

87 1125 219 1186 tentiam
242 1125 279 1184 dc
301 1125 439 1184 obeundo
459 1125 617 1203 martyrio
638 1125 697 1185 sibi
719 1123 907 1202 obsignasse.

148 1219 231 1278 Sunt
251 1221 356 1278 autem
378 1219 436 1277 bae
458 1217 661 1294 paucissimae
683 1220 720 1278 de
742 1218 886 1296 plurimis
907 1218 1051 1280 summis·

86 1329 147 1389 que
167 1311 355 1384 virtutibus,
370 1330 448 1388 quae
469 1312 704 1373 commemorari
718 1312 909 1386 debuissent,
923 1315 958 1372 et
977 1329 1051 1389 qua-

86 1421 158 1464 rum
179 1404 231 1464 vel
253 1421 455 1480 unaquaeque
473 1405 551 1466 satis
572 1423 637 1466 esse
658 1407 785 1482 poterat
798 1407 835 1465 ad
858 1423 1000 1483 magnam
1016 1408 1050 1466 et

85 1497 202 1558 iustam
223 1500 257 1557 et
271 1497 406 1558 debitam
429 1499 553 1559 laudem
570 1500 752 1560 ornandam:
769 1499 880 1576 quibus
895 1499 921 1558 si
943 1499 1052 1558 adiun-

85 1590 241 1650 xissemus
256 1608 319 1664 eas,
336 1607 412 1668 quas
426 1592 526 1669 magis
540 1593 692 1669 privatim
706 1593 815 1665 coluit,
832 1595 866 1652 et
876 1609 951 1669 quas
962 1609 1051 1668 prae-

86 1683 187 1744 terire
202 1701 394 1761 nequaquam
409 1685 561 1758 licuisset3
582 1703 746 1764 quemnam
768 1703 913 1763 umquam
928 1683 1049 1744 exitum

87 1777 192 1838 oratio
206 1776 318 1837 luisset
329 1777 489 1840 habitarat
509 1778 584 1846 Quis
595 1778 653 1839 Pio
667 1779 698 1838 in
719 1779 898 1856 Principem
919 1779 1051 1854 Aposto-

84 1870 189 1930 lorum
203 1869 383 1944 studiosior,
398 1871 468 1948 quis
489 1872 660 1932 amantior?
676 1889 765 1948 quern
780 1871 927 1932 nimirum
949 1872 980 1930 in
996 1873 1051 1931 Sa·

86 1980 142 2023 cro
163 1963 220 2022 illc
240 1964 390 2024 Vaticano
414 1965 543 2042 Templo
564 1965 746 2025 videbamus
767 1965 879 2038 solum,
892 1965 924 2024 in
951 1979 1050 2041 genna

85 2057 303 2135 provolutum,
319 2060 497 2134 precantem
512 2059 548 2118 ad
565 2058 681 2118 multas
695 2059 800 2131 horas,
815 2058 990 2131 immotum,
1007 2057 1051 2116 ie·

85 2167 182 2227 reque
196 2153 291 2210 extra
305 2167 336 2210 se
357 2153 494 2227 raptum.
511 2151 586 2218 Quis
607 2151 639 2210 in
657 2151 872 2229 cognominem
894 2151 985 2211 Pium
1007 2152 1046 2210 V.

85 2243 272 2304 Pontificem
287 2243 516 2304 sanctissimum
528 2243 698 2304 excitatior
710 2248 743 2304 et
756 2244 944 2320 promptiori
954 2243 1050 2305 (iuius

85 2337 250 2398 Pontificis
272 2337 462 2397 sanctissimi
484 2340 608 2398 tanturn
636 2338 717 2414 apud
738 2341 879 2398 nostrum
902 2336 1004 2397 valuit
1018 2354 1052 2396 a·

85 2451 168 2508 mor,
185 2438 221 2494 ut
242 2451 353 2494 nomen
368 2435 470 2511 ipsum
491 2434 578 2494 illius
594 2453 715 2495 numere
736 2435 889 2508 voluerit3
906 2435 1051 2512 neglecta

86 2527 190 2608 nescio
202 2547 264 2606 qua
277 2531 386 2588 vetere
398 2527 519 2589 invidia
533 2528 564 2587 in
578 2531 816 2606 cognomentum
828 2527 921 2588 Sexti
939 2527 1052 2588 confla·
1134 2543 1136 2548 ·

86 2623 133 2695 ta,
149 2639 242 2699 quam
255 2621 331 2682 Pius
353 2621 469 2681 Sextus
489 2622 523 2680 et
535 2619 646 2688 vivens
668 2625 702 2682 et
717 2620 856 2681 moriens
877 2618 1050 2680 immortali

87 2715 191 2792 gloria
211 2715 436 2790 commutavit,
458 2733 493 2775 ae
514 2715 707 2775 nobilissimo
735 2713 892 2792 martyrio
913 2716 1052 2790 prostra-

87 2808 139 2868 vit
159 2811 192 2868 et
213 2809 386 2886 superavit.

147 2903 213 2963 Hae
229 2902 539 2980 nimirum,aliaequo
552 2900 798 2962 innumerabiles
809 2899 947 2960 virtutes
962 2901 1048 2971 tuae,
1130 2953 1134 2960 .

87 2994 268 3055 beatissime
290 2995 407 3070 Senex,
424 2998 457 3055 et
471 2997 573 3056 multo
594 2995 717 3072 longius
739 2996 863 3070 tempus
877 3010 967 3069 quam
980 3009 1051 3050 oon-

87 3087 224 3162 ceditur,
239 3091 272 3148 et
287 3088 384 3148 alium
406 3089 600 3149 laudatorem
616 3088 825 3166 peroptabant
836 3090 929 3163 atque
944 3103 1050 3162 posce-

87 3181 177 3241 bant.
192 3181 396 3248 Quamobrem
419 3198 474 3240 oro
496 3181 695 3258 obsecroque,
718 3183 755 3240 ut
774 3178 924 3257 quidquid
946 3177 1048 3254 potui,

86 3274 179 3351 aequi
208 3274 340 3351 bonique
368 3273 529 3348 consulas,
552 3276 644 3350 atquo
666 3275 746 3333 hano
774 3272 853 3332 mibi
874 3271 1010 3350 primum
1033 3288 1050 3330 e

86 3367 175 3427 caelo
197 3368 338 3428 tribuere
359 3369 485 3428 veniam
507 3367 607 3441 velia,
629 3369 709 3444 quod
731 3367 797 3427 tuis
822 3365 960 3426 dicendis
981 3364 1051 3423 lau·

86 3460 179 3520 dibus
200 3466 234 3522 et
261 3462 386 3522 meritis
413 3477 517 3538 parem
541 3478 601 3520 non
628 3459 779 3519 habuisti.
796 3462 900 3520 Erunt
919 3457 971 3535 qui
994 3460 1051 3516 tua

88 3552 333 3631 diligentissime
345 3554 450 3614 omnia
464 3555 710 3630 persequentum
726 3551 854 3628 ipsaque
869 3551 935 3611 dies
949 3547 1051 3611 multu
