2632 4262
665 303 843 362 -326-

251 409 392 486 legatam
421 409 595 486 acquirant.
613 412 652 470 Π.
672 409 740 470 140.
754 442 770 455 -
783 411 831 470 An
857 409 1005 469 excidant
1026 427 1045 469 a
1068 407 1220 486 delegata
1300 467 1301 500 ἶ

251 519 343 578 quam
359 505 451 564 antea
465 503 686 562 obtinuissent.
705 503 915 569 ill-Quibus
931 502 1038 580 poenis
1058 501 1219 562 canonicis

252 595 471 657 subiiciautur.
486 592 630 656 Ibida-et
644 613 723 673 quae
745 597 784 657 ab
806 596 880 673 ipsis
896 596 1128 656 satisfactiones
1147 595 1219 654 exi·
1300 611 1301 626 ³

254 690 383 764 gandae.
396 687 474 748 lbid.
490 689 598 750 -Num
620 689 765 750 fidelibus
785 689 882 749 liceat
896 689 1047 748 assistere
1065 687 1220 764 Vesperis
1300 707 1301 720 ¹

251 780 383 857 aliisque
391 780 523 858 publicis
531 783 686 859 precibus,
696 801 775 860 quae
783 783 963 844 recitantur
972 784 1027 842 sub
1041 781 1219 841 directione

252 873 387 933 Parochi
402 878 457 934 aut
471 876 659 954 Presbyteri
674 876 785 937 iurati.
801 878 851 937 84.
863 877 972 938 -Num
988 875 1220 938 absolutionem

253 972 288 1028 et
307 969 552 1028 communionem
579 970 617 1030 ab
645 989 681 1030 eo
708 974 835 1048 petere,
862 970 1048 1048 pracsertim
1077 973 1220 1045 tempore

253 1063 405 1139 paschali.
421 1065 593 1126 Sin-Num
620 1066 732 1125 saltem
761 1066 990 1126 absolutionem
1019 1065 1051 1123 in
1079 1063 1219 1123 articulo

253 1162 305 1221 vel
326 1162 465 1238 periculo
488 1163 611 1224 mortis.
628 1165 802 1227 seuam
821 1183 894 1224 eum
916 1164 1003 1224 adire
1033 1163 1130 1222 liceat
1159 1179 1219 1238 pro

253 1258 457 1317 sacramentis
471 1257 670 1334 baptismatis
685 1261 718 1317 et
732 1257 992 1319 matrimonii85.
1002 1290 1017 1303 ·
1027 1261 1083 1316 sut
1096 1255 1220 1332 patrini

252 1368 381 1410 munere
410 1351 498 1429 fungi
522 1353 554 1410 in
580 1352 769 1428 baptismate
798 1353 1021 1414 administrato
1043 1371 1061 1411 a
1082 1350 1220 1426 parocho

252 1444 358 1504 iurato
380 1445 432 1504 uel
454 1444 588 1504 intruso.
604 1443 709 1504 lbid.-
722 1445 772 1504 vel
793 1447 980 1506 mulieribus
1001 1447 1071 1522 post
1086 1447 1215 1520 partum

253 1535 500 1596 benedictionem
521 1537 561 1596 ab
574 1540 679 1597 eodem
694 1538 844 1616 accipere.
863 1539 912 1598 86.
930 1539 1009 1598 Vide
1024 1537 1138 1597 Iurat-i
1152 1537 1221 1596 Ρα-

255 1630 356 1691 rocbc'.

313 1722 537 1782 Parochiarum
559 1724 729 1802 illegitima
750 1725 937 1803 suppressio.
955 1727 979 1786 Ι.
996 1725 1047 1786 96.
1300 1777 1301 1800 .

314 1818 526 1879 Perochoruru
539 1817 753 1894 legitimorum
761 1819 883 1878 Galliae
896 1837 968 1896 pars
978 1819 1115 1878 maxima
1126 1835 1220 1895 quam
1300 1809 1301 1828 ³

254 1915 401 1970 constans
415 1911 448 1969 in
463 1911 632 1972 reiiciendo
646 1914 823 1974 iuramento
837 1915 1219 1992 civili.I.146.-Semper

253 2005 412 2078 Pastores,
428 2005 504 2066 lieet
524 2025 543 2066 a
563 2007 651 2067 civili
672 2011 828 2086 potestate
849 2007 1010 2082 destituti,
1036 2027 1090 2068 suo
1111 2013 1218 2068 tamen

254 2093 395 2173 munere,
418 2105 569 2177 quantum
591 2102 623 2160 in
646 2103 721 2179 ipsis
742 2104 900 2164 adstricti.
919 2105 942 2164 Ι.
959 2103 1028 2176 159,
1043 2102 1218 2170 lou-Qus

254 2192 378 2252 ratione
400 2209 432 2252 se
453 2212 564 2271 gerere
585 2195 719 2256 debeant
742 2197 774 2256 in
797 2196 922 2274 publica
943 2196 1218 2256 sacramentorum

254 2285 547 2360 administratione,
570 2291 603 2347 et
624 2289 798 2350 christiana
826 2289 990 2366 sepultura
1018 2307 1093 2366 erga
1119 2290 1218 2349 laicos

255 2378 432 2439 schismatis
454 2385 700 2456 propugnatores
721 2383 773 2442 vel
801 2383 963 2443 fautores·
978 2383 1117 2460 bigamos
1144 2385 1217 2460 post

142 2549 143 2552 Ἴ
255 2474 357 2548 tepula
385 2472 555 2531 divortium
579 2474 648 2532 -in
671 2476 850 2536 adulterino
876 2477 929 2536 vel
951 2475 1121 2536 fornicario
1143 2495 1218 2536 cou-

253 2564 352 2626 sortio
373 2567 443 2640 post
464 2563 559 2626 irrita
573 2567 772 2627 matrimonia
783 2573 1032 2646 perseverantes.
1048 2572 1087 2630 II.
1101 2570 1152 2632 59.

314 2659 440 2720 Patrini
462 2677 589 2720 munere
611 2660 712 2739 iungi,
736 2663 876 2722 Parucho
897 2664 1002 2724 iurato
1023 2664 1225 2741 baptizante..

255 2755 461 2834 prohibitum.
484 2756 523 2814 ΙΙ.
547 2755 596 2814 85.
610 2786 629 2799 -
649 2757 773 2815 intruso
795 2755 986 2833 baptizante,
1009 2757 1156 2818 vitiosum
1183 2761 1216 2817 et
1300 2789 1301 2816 ;

255 2850 457 2929 prohibitum.
476 2849 553 2908 Ibid.
649 2879 660 2896 ·
980 2909 985 2925 ,

315 2943 408 3004 Pauli
430 2944 458 3003 V
474 2943 671 3020 Apostolicae
685 2942 829 3004 Litterae
843 2945 881 3004 ad
896 2945 1065 3006 catholicos
1080 2945 1215 3024 Angliae

255 3041 289 3098 et
309 3036 489 3096 Hiberniae.
507 3038 532 3095 Ι.
548 3037 618 3097 434.
636 3036 705 3096 438.

314 3129 522 3189 Pbilibertius
536 3130 833 3206 pseudo-Episcopus
855 3130 1054 3206 Sedanensis3
1069 3129 1215 3192 cardina-

254 3221 296 3282 iis
317 3222 355 3280 de
376 3222 488 3282 Zelada
508 3224 546 3280 ad
569 3240 639 3280 eum
660 3222 805 3300 epistola.
820 3225 845 3283 Ι.
863 3225 931 3284 133.

315 3314 506 3375 Pictauiensi
527 3315 678 3392 Episcopo
707 3315 818 3376 scribit
838 3317 914 3376 Pius
936 3317 991 3377 VI·
1005 3317 1042 3376 de
1069 3317 1215 3378 ecclesia-

255 3403 343 3469 'sticis
365 3428 381 3468 e
403 3407 507 3468 Gallia
527 3405 682 3484 profugis.
698 3411 739 3468 II.
755 3409 805 3468 75.

315 3503 390 3563 Pius
405 3503 459 3561 Vl.
471 3501 547 3562 Eius
568 3501 669 3578 prima
690 3504 851 3580 encyclica
871 3503 1005 3582 epistola
1026 3507 1065 3566 ad
1088 3505 1214 3566 univer*

255 3613 304 3656 sos
325 3596 490 3672 Episcopus
512 3595 572 3653 etc.
590 3594 614 3652 Ι.
634 3593 662 3652 l.
675 3625 691 3640 -
703 3592 871 3656 Silentium
890 3598 957 3658 eius
978 3597 1071 3657 initio
1084 3600 1213 3686 xpertur-
