2624 4260
93 385 232 444 labentis
252 386 326 445 anni
349 385 431 445 datis
453 387 489 445 ed
514 387 733 446 Reverendiss.
752 390 787 446 Ι).
804 387 925 448 Romae
947 387 1059 447 Vices-

95 481 271 556 gerentem,
287 478 398 554 quibus
413 478 555 540 declarat
573 480 698 556 penitus
713 479 861 539 illicitum
877 479 958 540 istud
975 479 1060 541 iura·

94 576 238 631 mentum
259 571 290 630 in
314 590 391 648 puro
412 591 447 631 ac
469 573 579 632 nativo
605 591 696 632 sensu
713 592 774 632 suo
796 577 975 649 acceptum,
1000 591 1058 656 non

95 669 146 723 est
167 665 301 742 amplius
322 665 539 737 dubitandum,
555 667 627 742 quin
644 683 867 744 aquocumquc
884 665 1056 724 christiano

96 759 253 818 catholico
276 778 335 818 non
358 759 498 835 potuerit
519 759 689 836 praestari.

158 853 275 912 Statim
297 858 390 929 atque
412 853 559 928 pervenit
572 854 609 912 ad
632 872 687 912 nos
709 853 800 913 huius
821 853 880 926 rei,
894 857 1059 930 quantum·

95 945 147 1003 ris
168 948 334 1006 retardata
355 945 487 1018 notitia,
510 965 585 1005 onus
613 947 833 1023 assumpsimus
855 948 891 1004 de
914 946 971 1005 illa
992 954 1079 1005 oer·'

96 1038 198 1098 tiores
228 1037 360 1098 faciendi
382 1041 524 1100 Vioarios
546 1043 666 1098 nostros
688 1039 849 1117 generales
872 1058 927 1116 per
954 1044 1058 1100 trans-

95 1131 218 1208 scripta
238 1133 347 1191 hornm
368 1134 517 1192 Brevium
539 1133 693 1209 exempla,
718 1137 753 1192 nt
775 1151 842 1190 cum
866 1131 971 1191 debita
985 1149 1058 1190 cau-

95 1225 164 1286 tela
184 1224 321 1286 monitos
348 1226 506 1298 lacerent,
530 1226 583 1302 qui
604 1228 662 1284 hoc
683 1225 859 1284 iuramento
881 1229 986 1284 essent
1007 1225 1059 1284 ob-

95 1318 222 1391 stricti3
245 1337 300 1376 neo
322 1317 473 1378 defuimus
501 1309 632 1377 cuilibet
654 1318 827 1394 requirenti
849 1323 1056 1378 consentanea

95 1415 172 1472 dare
194 1430 358 1488 responsa3
381 1414 432 1470 sed
454 1416 527 1470 tunc
548 1411 646 1470 libere
669 1411 753 1487 loqui
775 1415 869 1486 atque
889 1430 982 1489 agere
997 1431 1056 1470 non

95 1506 202 1578 licuit,
225 1509 353 1582 propter
375 1523 500 1564 severas
514 1525 533 1565 a
547 1504 701 1563 ministris
716 1503 879 1580 regiminis
900 1505 1056 1565 adhibitas

95 1599 316 1676 inquisitiones
330 1602 480 1658 adversus
494 1617 559 1668 eos,
575 1599 628 1675 qui
643 1597 759 1657 talibus
773 1598 967 1674 publicandis
982 1601 1058 1658 Bre-

96 1694 188 1758 ribus
209 1695 464 1770 cooperarentur.

156 1788 246 1848 Nunc
267 1791 371 1846 antem
394 1803 476 1858 cum,
500 1785 676 1862 opitulante
691 1789 765 1860 Deo,
781 1786 812 1844 in
836 1785 1001 1863 pristinam
1016 1786 1057 1846 li-

96 1881 251 1940 bertatem
268 1881 362 1940 simus
384 1880 547 1950 vindicati,
563 1885 597 1938 et
610 1882 642 1938 S.
660 1881 798 1940 Ecclesia
812 1881 947 1941 liberata
962 1882 1005 1940 sit
1018 1881 1057 1941 ab

96 1993 145 2048 ea,
167 1976 199 2032 in
222 1991 283 2050 qna
297 1975 452 2050 gemebat,
469 1973 637 2045 servitute,
654 1973 716 2033 iam
734 1992 821 2032 suum
840 1974 970 2034 sortitae
984 1979 1059 2034 sunt
1125 1963 1128 1978 ⁸

96 2069 240 2128 effectum
263 2068 438 2144 pastorales
460 2071 583 2126 nostrae
599 2067 847 2140 sollicitudines3
870 2069 1056 2128 nrnltienim

96 2160 301 2240 praeteritum
319 2163 511 2221 detestantes
525 2161 676 2236 regimen,
688 2162 751 2220 Deo
764 2162 957 2221 reconciliati
972 2165 1055 2234 sunt,

96 2259 190 2330 atque
211 2253 350 2329 iniquum
373 2253 582 2314 iuramentum
598 2254 629 2310 in
649 2254 729 2312 actis
751 2255 882 2329 publicis
904 2255 1058 2314 cancella-

95 2349 162 2408 riae
185 2351 309 2407 nostrae
332 2347 513 2406 solemniter
534 2349 761 2406 retractarunt.

154 2438 368 2503 Nihilominus
386 2443 502 2512 tamen,
519 2444 555 2498 ut
570 2439 673 2498 nullus
695 2438 906 2498 iurisdictioni
929 2441 1057 2498 nostrae

96 2537 239 2597 subditus
260 2538 421 2594 remaneat
441 2533 570 2610 ignarus
589 2551 750 2609 supremae
765 2535 857 2593 huius
878 2532 1056 2608 pontificiae

95 2629 280 2702 decisionis,
302 2632 395 2704 atque
418 2629 476 2688 tali
502 2627 677 2687 iuramento
699 2627 888 2697 obstrictus,
912 2643 1058 2701 praesen-

94 2726 175 2784 tium
198 2723 320 2782 virtute
342 2740 409 2782 eam
432 2721 572 2781 omnibus
593 2724 789 2797 perspectam
812 2719 954 2790 facimus,
971 2720 1055 2776 etad

94 2819 177 2877 hunc
199 2816 358 2888 effectum,
382 2834 451 2874 cum
473 2814 567 2873 simus
581 2815 627 2894 1¹¹.
643 2815 808 2884 Adventu,
832 2813 910 2887 qnod
933 2811 1055 2886 quidem

94 2918 218 2986 tempus
239 2912 269 2969 in
291 2911 430 2970 Ecclesia
450 2911 681 2968 sacrosanctum
704 2911 765 2979 est,
781 2906 922 2966 omnibus
945 2923 1056 2982 appro-

94 3007 177 3066 batis
191 3003 389 3064 confessariis
404 3002 598 3062 concedimus
618 3001 798 3072 facultates,
817 3002 851 3058 ut
866 2999 986 3076 possint
1001 3000 1056 3058 ab·

95 3100 218 3159 solvere
236 3098 443 3174 poenitentes,
459 3095 509 3172 qui
531 3112 587 3172 pro
611 3096 666 3153 hoc
689 3094 811 3152 obiecto
834 3112 885 3152 eos
907 3092 1055 3165 adierint,

95 3191 152 3250 sub
173 3193 333 3268 ea-tamen
366 3188 564 3257 conditione,
588 3188 667 3262 quod
697 3175 901 3254 cancellariae
931 3187 1056 3242 nostrae
1149 3255 1150 3258 Ἴ

95 3281 247 3359 generali,
263 3283 331 3342 sive
351 3282 468 3341 forensi
490 3281 684 3340 exhibebunt
698 3280 729 3338 in
747 3279 873 3356 scriptis
888 3278 1056 3336 solemnem

95 3375 209 3434 debitis
220 3375 251 3433 in
265 3375 374 3434 formis
389 3367 558 3435 iuramenti
573 3373 662 3432 illius
684 3374 940 3440 retractationem
958 3371 1056 3434 Nobis

95 3466 267 3530 successive
288 3455 553 3526 restituendam...
595 3527 597 3534 ,

155 3561 402 3636 Quamprimum
423 3565 601 3637 praesentes
617 3560 731 3620 'affixae
745 3577 780 3619 ac
795 3559 971 3636 publicatae
989 3558 1056 3617 fue·
