2582 4270
657 259 815 317 ..44-

694 422 766 478 lx.

567 552 760 596 vuunanernr
781 552 901 596 ranrar

537 699 682 759 IOANNl
709 697 935 759 FRANOISOO

565 859 723 936 Episcopo
744 858 903 920 Lcoaensi
1015 924 1018 929 ,

432 1034 629 1115 PIUS
691 1034 908 1112 ΡΑΡΑ
961 1031 1028 1109 VI.

372 1228 459 1284 ven.
474 1227 607 1296 Frater,
629 1227 781 1284 Salutem
802 1229 838 1282 et
857 1225 1093 1294 Apostolieam

583 1319 877 1378 Benedictionem.

313 1489 401 1547 Inter
422 1487 595 1564 angustias,
618 1489 730 1564 quibus
749 1487 913 1562 efficimur,
936 1506 1073 1564 quaeque
1095 1491 1212 1559 tecum,

254 1585 287 1642 et
307 1600 377 1640 cum
399 1583 463 1641 tuis
483 1582 695 1642 confratribus
717 1587 790 1641 sunt
810 1583 906 1643 Nobis
928 1599 1117 1654 communes,
1133 1581 1215 1642 illud

253 1673 351 1734 Nobis
373 1673 526 1750 singulari
548 1674 660 1733 solatio
681 1674 759 1747 fuit,
782 1676 861 1751 quod
884 1693 988 1735 omnes
1010 1675 1074 1734 fere
1096 1675 1216 1752 princi-

254 1788 318 1847 pes,
339 1773 372 1828 et
392 1769 543 1828 cultiores
564 1769 700 1829 nationis
720 1771 867 1830 certatim
897 1770 1017 1847 gloriae
1038 1769 1098 1828 sibi
1118 1771 1216 1829 duxe-

254 1863 321 1922 rint
334 1860 469 1936 hospitio
491 1861 646 1936 excipere,
662 1866 755 1939 atque
777 1862 905 1922 alendos
926 1880 1038 1922 curare
1059 1880 1110 1920 eos
1125 1879 1215 1937 egre-

254 1957 320 2033 glos
341 1955 465 2014 exsules
487 1956 612 2029 Gallos,
636 1955 778 2038 qui,odio
799 1956 1050 2054 religionis78uis
1072 1955 1160 2014 bonis
1183 1958 1215 2013 et

254 2049 418 2110 domiciliis
432 2049 536 2109 exsuti
551 2053 584 2108 et
596 2049 689 2109 eiecti
700 2051 738 2110 ad
753 2051 839 2110 vitae
855 2049 992 2109 subsidia
1005 2051 1214 2126 comparanda

253 2145 357 2205 adecti
378 2148 452 2203 sunt
472 2143 638 2220 confugere
663 2145 700 2202 ad
724 2148 860 2217 exteros,
881 2146 917 2204 ut
935 2145 968 2203 in
983 2144 1094 2204 alienis
1116 2143 1214 2202 ditio-

254 2240 344 2298 nibus
364 2239 464 2297 vitam
496 2239 624 2297 trahere
645 2243 781 2315 possent.
796 2240 859 2298 Hos
881 2239 967 2298 inter
987 2239 1152 2316 principes,
1182 2242 1215 2297 et

252 2333 307 2392 has
322 2331 407 2389 inter
429 2331 569 2390 nationes
590 2332 706 2391 enituit
727 2332 867 2407 profecto
882 2334 1014 2410 Magnae
1028 2332 1214 2392 Britanniae
1287 2383 1288 2399 ,

253 2444 310 2486 rex
331 2423 479 2496 illustris,
496 2428 529 2484 et
542 2425 665 2500 inclyta
679 2424 766 2484 natio
781 2425 873 2484 huius
887 2427 989 2502 regni,
1003 2427 1035 2484 in
1050 2445 1110 2502 quo
1127 2427 1213 2504 typis
1286 2461 1287 2489 t

252 2519 372 2579 editum
394 2518 514 2596 prodiit
535 2519 568 2577 in
589 2519 704 2595 vulgus
726 2519 877 2595 scriptum
898 2521 1049 2595 quoddam
1072 2520 1214 2596 pulchris

251 2616 418 2675 verborum
437 2613 654 2690 rationumque
676 2612 829 2673 coloribus
850 2614 1045 2687 distinctum,
1068 2616 1107 2674 ad
1128 2615 1215 2672 cxci·

253 2710 378 2770 tandam
390 2707 526 2766 omnium
541 2706 769 2766 humanitatem
785 2707 919 2766 maxime
933 2708 1210 2767 accommodatum.

251 2803 309 2864 Oui
329 2800 453 2879 quidem
475 2799 597 2877 incepto
618 2802 695 2859 adeo
716 2800 793 2860 felix
815 2803 975 2878 respondit
1001 2806 1151 2875 eventus,
1178 2808 1214 2862 ut

175 2958 177 2962 ,
251 2893 501 2969 frequentissime
516 2894 670 2953 coaluerit
692 2895 771 2953 hanc
785 2894 882 2969 ipsam
899 2894 936 2952 ob
957 2911 1081 2953 eausam
1103 2895 1215 2969 priva-

252 2991 356 3045 torum
384 2987 544 3045 hominum
576 2988 765 3060 multitudo,
785 2988 816 3045 in
842 3007 903 3064 qua
922 3005 980 3046 rex
1001 2988 1124 3064 quidem
1146 2987 1214 3064 ipse

250 3080 367 3157 primas
400 3081 510 3140 habuit
541 3086 666 3156 partes,
689 3099 827 3157 quaeque
853 3082 932 3156 apud
955 3081 1094 3157 reliquos
1116 3080 1214 3141 etiam

249 3173 374 3234 ordines
389 3172 606 3249 cuiuscumque
619 3173 807 3233 conditionis
821 3174 963 3250 exemplo
978 3179 1010 3234 et
1024 3174 1217 3233 incitamen-

250 3271 283 3326 to
304 3266 378 3339 fuit,
396 3270 431 3326 ut
444 3266 573 3342 plurimi
588 3268 625 3326 ad
640 3285 784 3344 magnam
799 3267 946 3344 pecuniae
961 3267 1026 3326 vim
1042 3267 1127 3326 ultro
1142 3285 1216 3344 sup-

250 3359 462 3435 peditandum,
476 3359 545 3419 dein
560 3359 592 3418 in
608 3377 769 3419 commune
791 3359 987 3419 referendam
1008 3359 1087 3419 inito'
1110 3359 1217 3420 veluti

249 3453 373 3512 foedere
386 3453 601 3514 convenirent.
618 3454 666 3515 Ad
681 3453 809 3530 privata
824 3453 962 3514 subsidia
979 3452 1099 3512 accedit
1114 3454 1215 3513 etiarn

248 3546 405 3624 generalis
427 3547 558 3608 collecta
577 3550 610 3606 et
629 3547 872 3620 contributio,a
897 3565 970 3625 rege
994 3546 1139 3624 ipseper
1162 3565 1217 3606 en-
