2624 4260
470 279 648 339 -201-

75 382 296 444 accedentibus
309 387 382 444 ante
404 389 563 460 peractam
578 385 774 458 electionem,
792 389 981 462 potestatem
997 388 1043 452 fa-

76 475 176 536 cimus
198 493 259 535 non
281 478 380 538 solum
409 479 595 540 decernendi
616 498 673 556 per
695 479 914 557 suffragiorum
936 481 1041 556 plura·

75 567 201 629 litatem
225 571 262 630 de
283 571 323 630 iis
344 574 485 634 omnibus
510 592 589 652 quae
611 575 649 634 ad
671 573 833 634 Pontificis
854 574 1040 633 electionem

75 664 251 738 pertinent,
268 683 377 725 verum
399 667 509 739 etiam,
522 671 681 727 transacto
695 668 846 726 consueto
868 667 1038 740 decemdio,

76 757 260 817 Pontificem
283 759 402 834 ipsum,
429 760 571 836 quamvis
593 778 652 818 non
675 762 839 836 expectato
861 761 1038 818 ceterorum

77 851 291 912 Gurdinalium
312 854 462 926 adventu,
485 853 585 913 libere
607 871 642 912 ec
663 852 752 912 licite
774 851 921 930 eligendi;
941 853 1038 912 itaut

76 944 129 1018 qui
150 946 302 1006 adnabus
324 947 430 1007 tertiis
451 947 593 1026 partibus
607 951 870 1024 congregatorum
891 947 1040 1008 Cardine·

74 1037 153 1096 lium
168 1038 287 1099 electus
302 1039 448 1099 Pontifex
468 1039 577 1112 fuerit,
594 1039 620 1098 is
635 1039 698 1098 rite
711 1039 828 1098 electus
850 1041 883 1097 et
906 1057 979 1098 vere
995 1039 1038 1112 sit

76 1134 236 1192 Romanus
257 1133 407 1193 Pontifex
427 1133 547 1196 Christi
569 1133 732 1204 Vicarius,
755 1136 789 1191 et
817 1133 891 1191 talis
913 1133 951 1192 ab
972 1134 1041 1191 uni·

75 1242 169 1285 versa
183 1225 323 1286 Ecclesia
336 1227 462 1304 agnosci
484 1233 577 1304 atque
593 1228 702 1287 haberi
718 1226 839 1285 debeat.
857 1227 1038 1285 Mandemus

72 1322 241 1394 praeterea
263 1325 299 1379 ut
319 1322 375 1380 hae
397 1321 526 1381 litterae
555 1320 744 1397 apostolicae
778 1318 954 1379 voluntatis
974 1321 1038 1380 No-

73 1415 177 1485 strae,
201 1413 302 1489 prima
322 1414 372 1474 die
393 1415 424 1473 in
448 1417 566 1491 quaed
589 1413 739 1490 suffragia
760 1411 941 1474 cardinales
965 1431 1038 1471 con-

72 1507 233 1578 venerint,
257 1507 360 1583 palam
381 1507 568 1578 recitentur,
585 1511 618 1567 et
633 1507 658 1566 si
681 1525 742 1584 qua
756 1507 787 1566 in
802 1524 836 1565 re
858 1509 914 1566 aut
937 1507 1036 1566 inter-

72 1600 253 1675 pretatione
268 1605 324 1660 aut
338 1602 549 1661 declaratione
562 1601 667 1678 alique
678 1600 821 1677 indigere
833 1599 1035 1673 videbuntur,

72 1693 105 1751 id
128 1711 186 1768 per
208 1694 436 1754 sententiarum
457 1693 677 1771 pluralitatem
699 1694 737 1752 ab
759 1692 866 1752 iisdem
889 1694 1038 1754 Cardine-

74 1786 158 1845 libus
171 1787 224 1864 qni
246 1789 428 1865 congregati
449 1789 569 1847 luerint
590 1788 821 1864 interpretetur
842 1805 877 1846 ac
898 1787 1036 1846 declare-

72 1885 141 1954 tur,
162 1883 209 1942 ita
230 1886 266 1941 ut
287 1883 433 1960 quidquid
456 1902 475 1942 a
497 1883 606 1943 maiori
628 1888 719 1960 parte
740 1883 951 1944 cardinalium
967 1901 1036 1940 con·

72 1980 277 2052 gregatorum
289 1978 497 2038 coustitutum
509 1979 567 2038 hac
580 1979 701 2037 ratione
717 1976 826 2048 luerit,
839 1977 869 2034 id
883 1977 1036 2036 habeatur

71 2069 201 2143 perinde
216 2089 252 2129 ac
273 2072 445 2146 apostolica
464 2071 655 2132 auctoritate
677 2074 759 2129 esset
774 2087 792 2128 a
805 2071 903 2131 Nobis
917 2071 1036 2130 eonsti-

74 2164 191 2221 tutum.
208 2163 286 2229 Quia
299 2181 375 2222 vero
390 2180 440 2222 res
462 2165 498 2222 de
514 2183 574 2240 qua
589 2163 697 2240 agitur
710 2164 793 2222 tanti
808 2163 957 2221 momenti
973 2167 1033 2235 est,

74 2257 111 2312 ut
131 2255 170 2312 ab
192 2272 227 2336 ea
248 2255 446 2330 potissimum
468 2261 501 2315 et
521 2261 646 2317 matura
669 2255 830 2315 Pontificis
851 2256 979 2329 electio,
1002 2261 1035 2316 et

71 2345 245 2406 catholicae
268 2348 399 2408 unitatis
421 2348 629 2418 conservatio,
650 2355 683 2406 et
703 2348 860 2407 Ecclesiae
882 2351 1036 2426 tranquil·

71 2439 149 2499 litas
163 2441 298 2516 pendere
319 2441 477 2513 videatur,
493 2442 568 2512 Nos,
586 2443 710 2500 utentes
731 2441 901 2518 apostoliea
915 2445 1034 2503 Nostra
1129 2443 1131 2448 ’

72 2533 275 2606 auctoritate,
287 2533 320 2592 in
335 2533 458 2593 virtute
473 2537 599 2593 sanetae
613 2534 806 2594 obedientiae
821 2539 854 2594 et
865 2536 921 2594 sub
935 2554 1034 2612 poena

71 2628 414 2701 excommunicationis,
432 2630 639 2706 praecipimus
655 2649 691 2688 ne
714 2631 813 2706 quise
829 2649 915 2690 sacro
937 2633 1035 2691 colle-

72 2722 124 2798 gio
145 2721 360 2784 Cardinalium
387 2723 434 2782 fas
456 2723 515 2782 sibi
537 2741 604 2782 esse
626 2724 735 2798 quovis
764 2729 930 2800 praetextu
952 2725 1035 2783 arbi-

72 2819 182 2874 tretur
202 2815 252 2874 his
273 2833 351 2891 quae
372 2833 390 2874 a
410 2815 517 2888 Nobis,
541 2834 597 2892 per
619 2815 674 2874 has
695 2816 813 2874 alteras
834 2816 966 2875 Nostras
980 2817 1034 2876 lit

73 2912 179 2983 teras,
201 2909 395 2985 praescripta
413 2913 505 2981 sunt,
528 2911 630 2968 animo
652 2909 753 2967 minus
774 2911 919 2984 prompto
941 2915 1034 2986 atque

71 3003 255 3078 obsequenti
280 3019 474 3078 repugnare3
497 3001 634 3078 quinimo
663 3002 806 3060 volumus
836 3005 871 3060 ut
894 3003 1032 3064 universi

72 3094 198 3171 singula
219 3112 357 3171 quaeque
379 3113 507 3155 servare
529 3098 622 3170 atque
644 3095 754 3171 exequi
777 3097 955 3154 teneantur.
972 3097 1035 3157 Ita·

71 3207 143 3264 que,
166 3205 223 3263 per
244 3188 367 3248 viscera
387 3188 620 3248 misericordiae
641 3188 698 3248 Dei
720 3187 842 3260 Nostri,
865 3206 921 3264 per
943 3189 1035 3248 diffu-

73 3299 136 3341 sam
158 3281 191 3339 in
213 3280 358 3340 cordibus
378 3282 505 3343 Nostris
536 3281 644 3342 Divini
673 3282 811 3359 Spiritus
833 3281 1032 3350 charitatem,

72 3393 106 3434 ac
119 3392 177 3452 per
191 3392 259 3433 eam
281 3375 467 3434 sacramenti
486 3375 671 3454 religionem
693 3395 754 3452 qua
775 3377 985 3452 unusquisque
1000 3377 1031 3434 in

72 3486 194 3528 sacrum
216 3467 430 3528 Oardinalinm
452 3469 618 3547 collegium
634 3473 798 3546 cooptatus
812 3487 878 3528 sese
900 3469 1036 3528 obstrin-

71 3560 120 3620 xit
141 3561 249 3620 tuendi
273 3578 308 3618 ac
337 3560 520 3620 defendendi
542 3562 660 3622 Christi
682 3560 854 3621 Ecclesiam
879 3579 973 3636 usque
995 3563 1034 3619 ad
