2606 4268
241 375 339 452 ponis,
356 378 434 436 Van.
452 377 581 448 Frater,
598 375 664 453 ipse
677 376 797 438 Linder
812 393 977 454 suspensus
999 377 1036 437 ab
1056 374 1211 434 ordinum

241 468 395 528 exercitio
410 486 573 529 remanere
588 471 692 530 debet.
1106 523 1111 532 ,,

302 563 388 629 Quod
411 568 570 640 superest,
592 566 741 626 Nostram
765 563 795 623 in
820 566 870 637 te,
894 565 973 624 Ven.
989 565 1124 636 Frater,
1148 579 1214 639 pro

241 655 305 716 tuis
327 656 452 715 meritis
473 657 659 732 amplificari
677 661 839 735 paternam
855 657 1103 716 benevolentiam
1119 657 1213 716 exis·

242 749 498 826 timationemque
520 751 724 827 profitemur,
755 769 791 810 ao
811 751 842 809 in
867 755 930 810 tam
951 750 1085 827 amplius
1106 749 1211 809 animi

241 843 479 921 Nostripignns
494 845 707 921 Apostolicam
730 844 977 904 benedictionem
999 844 1056 904 tibi
1078 843 1213 902 univer-

240 937 344 1014 sisque
371 943 443 998 tuae
464 937 534 997 fidei
559 938 748 998 concreditis
778 938 889 998 ovibus
917 938 1118 1014 peramanter
1146 935 1210 994 im·

242 1033 411 1110 pertimui.
1299 1103 1300 1106 Ἴ

276 1171 278 1176 -
302 1130 414 1186 Datum
437 1130 556 1188 Romae
581 1127 630 1186 die
653 1128 696 1186 IV
717 1125 799 1186 Iunii
821 1125 1047 1196 MDGGXOVI,
1074 1121 1212 1182 Pontifi·
1299 1117 1300 1128 ¹

242 1225 332 1280 catus
345 1220 455 1281 Nostri
469 1239 550 1280 anno
563 1221 666 1280 XXII.

666 1390 769 1446 XM.

241 1511 377 1555 OMNIBUS
387 1511 673 1558 cnats'mmnnnmus
684 1513 874 1568 canaonem,
894 1511 1128 1556 OOMHUMONEM
1141 1513 1209 1554 CUM

301 1609 378 1653 SEDE
399 1609 586 1653 Arosromce
607 1612 805 1654 HABENTIBUS
826 1611 859 1653 IN
880 1607 1003 1653 osthus
1016 1609 1209 1655 commom-

301 1703 399 1746 umbe.

473 1861 632 1940 PIUS
677 1862 856 1940 ΡΑΡΑ
900 1863 969 1941 Vl.

360 2063 490 2124 Dilecti
504 2065 601 2138 Filii,
617 2068 768 2127 salutem
790 2071 826 2125 et
847 2067 1083 2137 apostolicam

574 2160 868 2219 Benedictionem.

303 2337 478 2397 Pastoralis
500 2336 691 2410 sollicitudo,
714 2339 772 2398 filii
796 2338 1006 2410 dilectissimi,
1020 2357 1098 2415 qnae
1113 2359 1132 2400 a
1145 2342 1208 2400 Do·

240 2431 334 2492 mino
346 2433 454 2490 nostro
467 2432 536 2490 Iesu
551 2432 689 2503 Obristo,
702 2450 742 2491 ex
757 2433 949 2493 abundantia
970 2433 1205 2492 misericordiae

240 2543 332 2596 suae,
355 2524 531 2584 humilitati
558 2529 683 2585 nostrae
716 2528 880 2586 commissa
905 2529 975 2599 est,
998 2528 1147 2587 admonet
1169 2532 1206 2588 ut

239 2618 380 2679 omuibus
402 2618 671 2692 christifidelibus,
694 2621 881 2696 praesertim
904 2639 979 2680 vero
1001 2621 1040 2680 iis
1061 2622 1114 2698 qui
1139 2639 1206 2682 ma·

240 2713 359 2774 ioribus
381 2711 611 2773 tentationibus
632 2717 836 2791 appetuntur,
860 2733 938 2774 nea
960 2716 1115 2792 sapientia
1135 2734 1206 2776 car-

240 2806 304 2866 nali
325 2806 439 2865 misere
461 2809 662 2877 seducantur,
679 2811 785 2868 adesse
800 2808 971 2885 cupiamus.
986 2809 1083 2868 Nobis
1104 2809 1202 2878 enim,

239 2917 335 2975 aeque
356 2919 392 2960 ac
414 2903 586 2978 prophetae
602 2902 711 2974 Isaiae,
728 2901 922 2962 dictumest:
943 2901 1067 2975 Clamo,
1083 2920 1126 2962 ne
1139 2920 1206 2964 ces·

240 3009 307 3064 εσυ
320 2996 417 3070 quasi
438 2998 516 3054 taba
536 2999 650 3056 enolto
662 3013 769 3056 vocem
784 3004 885 3070 taam,
903 3001 1074 3057 annuntia
1086 3001 1204 3073 popolo
1300 2999 1301 3012 ¹

238 3101 307 3145 meo
328 3089 448 3176 scelera
467 3104 587 3146 eornm.
601 3089 752 3154 Quocirca
766 3089 863 3150 Nobis
884 3093 990 3150 deesse
1007 3089 1202 3159 videremur,

238 3178 300 3239 nisi
322 3198 544 3256 quamcumque
565 3182 756 3242 occasionem
777 3202 833 3242 vos
854 3185 1000 3244 hortandi
1022 3186 1058 3245 ad
1082 3201 1201 3260 pacem,

239 3289 274 3330 ac
289 3271 424 3330 debitam
440 3273 624 3334 constitutis
645 3276 853 3351 potestatibus
867 3279 1014 3338 suadendi
1037 3276 1205 3336 subiectio-

239 3381 308 3426 nem
330 3363 468 3425 libenter
489 3367 712 3444 arriperemus.
730 3370 902 3447 Siquidem,
926 3389 994 3431 cum
1017 3373 1130 3448 dogma
1150 3389 1204 3434 ce-

240 3455 392 3516 tholicum
407 3457 460 3530 sit,
477 3459 602 3520 divinae
623 3461 803 3538 Sapientiae
825 3482 902 3540 opus
924 3483 990 3524 esse
1011 3465 1090 3542 quod
1115 3465 1204 3542 prin-

239 3548 361 3627 cipatus
383 3551 458 3625 sint,
482 3569 519 3613 ne
540 3554 647 3614 omnia
667 3573 740 3618 casu
761 3574 797 3618 ac
818 3561 937 3618 temere
959 3558 1126 3633 ferantur,
1147 3577 1205 3636 po-
