2624 4260
658 207 836 267 -am-

663 315 827 418 ΙιΧΙΙΙ.ι

617 467 877 536 errsronn

326 623 607 684 nnwnnanrssnss,
622 629 865 684 rnnusrnrssrnt1‚
881 628 1168 674 nxonnnnrtrrsnm

526 752 629 813 TYRI
649 755 962 816 ARCHIEPISGOPI
1032 757 1035 764 ’

267 878 407 942 Sanctae
426 882 518 944 Sedis
540 887 583 946 ad
611 896 752 949 tractam
777 890 901 961 Rbeai,
932 897 1117 964 ceterasque
1139 887 1234 964 Iase-

325 977 425 1035 riorts
448 975 645 1041 Germaniae
662 991 774 1058 partes
794 1000 866 1043 cam
877 990 1035 1059 potestate
1054 979 1178 1058 Lepati
1198 979 1236 1038 de

327 1070 427 1130 latere
447 1069 577 1132 Neratii.

550 1255 592 1298 nr>
612 1228 750 1303 ruvirum
770 1261 811 1303 nr
832 1228 958 1304 mnium

476 1388 771 1452 LEXOVIENSEM
792 1393 1021 1453 EPISGOPUM

311 1530 375 1592 ·De
396 1537 525 1594 sancita
540 1554 561 1596 a
580 1540 744 1598 modernis
768 1538 897 1601 Galliae
916 1539 1179 1600 moderatoribus

469 1627 567 1706 Regii
586 1632 769 1708 Repimiais
796 1636 1028 1698 easccratioae.

355 1767 652 1826 Reverendissime
673 1774 709 1827 et
726 1771 968 1829 Illustrissime
989 1773 1147 1830 Praesul.

328 1909 463 1969 Litteris
486 1911 550 1970 tuis
571 1913 728 1976 Monachii
750 1913 799 1972 die
821 1915 861 1974 26
883 1915 975 1976 huius
996 1915 1112 1974 mensis
1133 1918 1176 1976 ad
1191 1935 1238 1976 me

273 2001 357 2061 datis
381 2001 559 2080 significas,
584 2008 638 2064 tua
660 2006 828 2082 plurimum
852 2007 971 2066 referre
995 2011 1030 2067 ut
1051 2007 1147 2081 scias,
1166 2027 1238 2068 num

271 2099 381 2156 sancta
394 2097 488 2155 Sedes
510 2096 593 2157 circa
615 2101 789 2158 vovendum
804 2100 835 2158 in
852 2099 957 2159 Gallia
973 2101 1174 2160 monarchico
1190 2119 1238 2160 re-

272 2188 383 2264 gimini
405 2189 509 2250 odium
535 2191 722 2250 sententiam
746 2192 859 2253 tulerit
882 2211 936 2251 uec
952 2212 1001 2264 ne;
1023 2195 1057 2252 et
1078 2210 1188 2268 rogas,
1204 2196 1239 2251 ut

271 2280 391 2357 siquid
413 2284 492 2344 certi
515 2283 692 2344 circanam
706 2285 935 2361 quaestionem,
956 2287 993 2343 de
1015 2302 1075 2360 qua
1097 2302 1162 2343 non
1187 2303 1240 2362 pa·

271 2389 340 2432 rum
364 2375 569 2452 disceptatur,
584 2379 622 2436 ad
644 2378 788 2438 notitiam
804 2395 902 2437 meam
926 2377 1120 2454 pervenerit,
1142 2378 1176 2436 id
1194 2381 1240 2437 te·

271 2484 341 2525 cum
352 2469 582 2529 communicare
603 2471 711 2530 velim.
1103 2521 1105 2526 .
1157 2477 1176 2542 J

332 2562 408 2622 Oum
431 2555 554 2622 occasio
586 2566 714 2641 quaevis
734 2566 811 2624 bene
840 2567 876 2624 de
899 2565 1177 2626 Reverendissima
1209 2568 1240 2625 et

274 2655 494 2715 Illustrissima
520 2659 737 2718 Dominatione
766 2662 822 2717 tua
847 2659 985 2718 merendi
1018 2657 1241 2735 acceptissima

272 2749 351 2808 mihi
366 2750 419 2823 sit,
435 2751 572 2810 oblatam
587 2752 781 2829 perlibenter
795 2751 979 2828 amplector:
996 2751 1059 2810 imo
1079 2770 1118 2810 eo
1139 2751 1240 2811 liben-

275 2843 339 2904 tius
359 2847 438 2922 quod
461 2863 512 2905 res
526 2848 563 2906 de
584 2865 645 2924 qua
660 2846 854 2924 percontaris
876 2849 910 2905 et
927 2847 1051 2923 penitus
1074 2850 1240 2924 perspecta

273 2937 351 2996 mihi
373 2942 433 3010 est,
448 2943 482 2998 et
501 2957 570 2998 eam
591 2941 670 3016 apud
693 2957 798 2998 omnes
820 2939 1005 3016 pervulgari
1026 2957 1118 3016 quam
1139 2938 1241 2998 maxi·

273 3051 324 3092 me
344 3031 445 3107 cupio.

248 3117 250 3124 ⁸
334 3126 379 3184 Ut
399 3124 534 3199 primum
555 3125 587 3183 in
610 3127 692 3186 Urbe
713 3125 796 3185 fama
811 3125 1003 3202 percrebuit,
1025 3125 1110 3184 circa
1131 3125 1240 3184 decre·

274 3221 354 3289 tum,
377 3235 436 3293 quo
458 3219 633 3278 sacerdotes
661 3219 718 3277 sub
740 3217 968 3296 deportationis
995 3217 1238 3278 comminatione

274 3309 414 3387 regimen
446 3310 677 3370 monarchicum
703 3311 835 3370 solemni
867 3311 1045 3371 iuramento
1077 3306 1238 3370 exsecrari

275 3403 476 3476 iubebantur,
490 3421 597 3476 novas,
611 3403 662 3462 vel
677 3404 709 3461 in
724 3404 791 3480 ipso
803 3403 911 3462 ordine
926 3402 1151 3473 ecclesiastico,
1166 3402 1239 3462 scis·

275 3497 377 3558 siones
397 3513 463 3556 esse
485 3496 623 3569 obortas,
639 3495 713 3556 aliis
733 3496 945 3558 iuramentum
960 3497 1138 3556 huiusmodi
1162 3507 1239 3558 tam·
