2624 4260
461 227 499 276 -·-
521 181 639 291 219-¹

483 421 620 478 ΠΝ.

402 541 696 602 EPISTOLA

63 715 345 775 Rcocrcndiesimi
366 734 403 777 ac
431 714 605 776 Occsissims·
629 715 784 792 Episcopi
805 734 842 777 ac
864 715 1032 790 Principis

128 808 334 870 Laodicenos
355 811 398 870 od
423 810 741 870 Ecccllcotissimom
763 828 800 870 oc
820 809 1032 871 Reverendo·

128 904 248 962 simam
269 904 552 980 Arcticpiscopom
578 903 670 980 Tyri,
696 903 742 963 od
760 912 900 964 tractum
921 903 1032 962 Rheni

128 995 296 1056 Nanctum
319 995 550 1072 Apostolicum.

128 1189 432 1246 Excellentissime
446 1203 487 1246 ao
507 1187 802 1246 Reverendiesime
815 1187 969 1247 Domine.

129 1369 245 1428 Grates
259 1367 342 1428 hisce
365 1368 442 1428 meis
463 1368 678 1429 Excellentiae
701 1370 786 1428 Tuae
807 1370 955 1444 rependo,
972 1385 1028 1442 pro

65 1462 170 1523 variis
183 1462 414 1544 instrumentis,
428 1481 508 1539 qnae
523 1481 667 1522 unacum
682 1463 803 1522 litteris
825 1462 889 1521 suis
906 1462 943 1520 18
957 1479 1031 1520 cur·

65 1555 183 1627 rantis,
200 1556 365 1615 coniuncta
380 1557 415 1614 ad
432 1573 480 1614 me
502 1555 719 1615 transmittere
741 1573 797 1632 pro
811 1574 868 1614 sua
888 1554 1032 1631 benigni-

67 1653 137 1709 tate
159 1650 305 1721 curavit,
329 1652 364 1708 ut
385 1667 424 1708 ex
452 1649 529 1726 ipsis
555 1649 693 1708 iuratum
720 1667 821 1708 meum
841 1648 1048 1710 Oauonicum‘

67 1741 257 1802 convincere
279 1760 410 1818 possem.
426 1743 494 1802 Non
517 1743 584 1802 sine
605 1742 800 1802 iucunditate
822 1741 912 1801 hodie
932 1743 1029 1802 Tuam

67 1835 302 1896 Excellentiam
324 1836 489 1895 certiorem
512 1835 613 1910 facio,
636 1835 725 1906 mihi,
748 1854 808 1912 quo
829 1835 920 1894 illum
943 1853 1031 1895 asuo

70 1945 180 1987 errore
203 1945 404 2001 revocarem,
428 1928 505 1989 satis
526 1929 640 2001 fuisse,
664 1933 700 1988 ut
719 1930 756 1988 ad
779 1947 847 1986 eum
871 1929 1030 1988 mitterem

69 2022 216 2098 exempla
237 2022 368 2081 duorum
390 2021 539 2082 Brevium
562 2024 618 2082 SS.
637 2021 742 2081 Patris
762 2021 872 2082 Nostri
895 2023 931 2082 ad
956 2023 1032 2082 Illu-

70 2117 174 2175 striss.
199 2134 235 2176 ac
255 2117 476 2176 Reverendiss.
496 2120 531 2176 D.
550 2116 718 2177 Octaviam
740 2115 844 2187 Boni,
868 2115 1031 2192 Archiepi·

70 2228 198 2288 scopum
219 2211 459 2282 Nazianzenum,
475 2229 516 2294 ac¹
526 2228 742 2288 responsorum
765 2211 803 2269 ab
817 2209 982 2270 Illustriss.
996 2227 1031 2269 ac

69 2306 293 2367 Reverendiss.
316 2307 354 2365 dc
377 2307 481 2365 Pcdro
508 2307 544 2365 ad
568 2305 734 2366 Illustriss.
752 2325 787 2366 ac
809 2307 1029 2366 Reverendiss.

68 2389 255 2476 Epis'copum
281 2397 486 2459 Grosseascm
508 2402 665 2472 datorum,
681 2401 878 2476 ipsorumque
901 2401 1032 2460 authen-

69 2493 227 2552 ticitatem
257 2493 315 2570 ipsi
343 2496 526 2553 attestarer.
550 2495 687 2570 Cumque
715 2495 814 2554 eidem
847 2494 1031 2553 tradiderim

69 2586 146 2645 duas
168 2585 319 2662 epistolas
334 2586 461 2646 Vicario
483 2604 551 2644 meo
567 2587 706 2663 generali
722 2589 758 2645 de
779 2587 886 2646 eodem
909 2587 1030 2647 obiecto

68 2679 267 2752 reddendas,
291 2697 441 2739 unacum
472 2680 573 2739 tribus
601 2681 770 2757 praedictis
797 2680 1031 2753 instrumentis,

69 2789 161 2848 quam
185 2772 321 2831 maxime
343 2789 434 2848 spero
456 2773 535 2845 iore,
552 2777 589 2833 ut
609 2792 669 2832 non
692 2773 842 2832 minorem
865 2774 945 2850 apud
961 2790 1031 2831 eum

69 2868 215 2927 effectum
237 2866 410 2938 obtineant,
427 2865 567 2942 illudque
587 2863 779 2942 extinguant
790 2865 937 2935 schisma,
950 2866 1030 2942 quod

68 2961 100 3019 in
123 2977 196 3020 mea
217 2960 354 3019 Diocaesi
376 2960 483 3019 eodem
506 2961 542 3018 de
564 2959 685 3018 obiecto
706 2963 851 3018 exortum
874 2962 933 3032 eet,
958 2960 1030 3016 dum

69 3055 198 3113 Iun-atos
218 3053 255 3110 ad
279 3070 383 3112 sanam
407 3053 580 3112 doctrinam
597 3052 829 3114 revocaverint.

131 3145 260 3204 Gratias
280 3144 375 3204 etiam
399 3163 457 3222 ago
477 3145 691 3206 Excellentiae
713 3146 800 3204 Tuae
820 3163 911 3221 quam
933 3143 1034 3204 maxi·

70 3253 137 3296 mas
151 3254 209 3314 pro
230 3238 288 3310 iis,
311 3255 389 3314 quae
411 3255 467 3314 pro
490 3255 544 3296 sua
566 3237 762 3314 benignitate
781 3235 813 3294 in
829 3236 893 3296 uuis
914 3235 1034 3296 litteris

70 3331 107 3389 dc
128 3331 309 3390 iuramento
338 3329 406 3388 inse
434 3329 589 3406 exposuit.
608 3330 640 3389 Id
664 3347 758 3389 unum
781 3334 895 3407 exopto
918 3333 955 3388 ut
976 3347 1032 3407 pro

69 3424 158 3484 virili
175 3441 244 3483 mea
264 3426 368 3500 parte,
381 3423 517 3483 maximo
531 3423 564 3482 S.
577 3424 711 3484 Nostrae
724 3423 898 3500 Religionis
912 3441 949 3484 nc
960 3423 1032 3482 fidei

69 3517 150 3578 bono
179 3518 390 3595 promovendo
417 3533 479 3575 nna
507 3516 712 3590 collaborem3
736 3520 787 3576 sed
814 3535 883 3576 cum
906 3517 1032 3579 aliunde
