2606 4268
302 289 430 353 Quaest.
445 285 476 344 8.
492 286 576 347 Num
590 283 778 344 mulieribus
793 286 866 362 post
884 281 1084 361 puerperium
1100 281 1213 342 fassit
1285 325 1286 328 ,

240 382 475 458 praesentasse
497 379 610 439 sistere
632 379 784 449 parocho,
800 382 856 438 aut
869 377 1063 456 Presbytero
1084 377 1212 450 iurato,
1285 433 1286 448 y

240 477 276 534 ut
296 471 541 532 benedictionem
570 473 609 532 ab
631 471 698 548 ipso
719 469 894 548 accipiant,
916 488 995 547 quae
1017 471 1049 529 in
1078 469 1210 532 Rituali

238 568 379 626 Romano
395 565 590 642 praescripta
604 563 733 642 legitur:
746 565 812 624 Pro
825 564 1046 624 benedictione
1056 564 1213 623 mulieris
1285 569 1286 610 i

233 667 307 736 post
322 666 472 736 partuum·
484 657 621 734 itemque
638 657 751 718 missae
772 657 955 718 assisteren
975 659 1130 732 Parocho,
1148 660 1212 718 aut

239 753 434 830 Presbytero
455 753 561 813 iurato
584 753 773 812 celebratae.
1132 761 1137 768 '
1285 751 1286 764 ¹

301 847 394 922 Hesp.
410 849 479 907 Non
495 847 593 906 licere
606 847 790 906 mulieribus
799 847 966 924 puerperio
977 847 1103 924 expleto
1116 863 1207 922 prae-

239 940 337 1002 fatam
358 941 498 1017 accipere
519 939 765 1000 benedictionem
786 959 805 1000 a
826 941 979 1014 Parocho‚
995 941 1048 1001 vel
1071 941 1210 1018 Presby-

240 1041 310 1097 tero
339 1036 464 1108 iurato,
486 1033 631 1110 quoniam
664 1033 694 1092 id
724 1038 808 1093 esset
837 1052 907 1092 oum
933 1034 998 1110 ipso
1027 1035 1059 1092 in
1086 1035 1206 1094 divinis

240 1129 479 1189 communicare:
496 1147 531 1187 eo
553 1129 605 1187 vel
628 1127 727 1204 magis
749 1129 827 1204 quod
851 1128 938 1187 nullo
959 1129 1208 1204 adstringuntur
1285 1205 1286 1212 ἵ

240 1228 405 1300 praecepto
434 1220 584 1280 mulieres
605 1221 746 1296 accipere
767 1226 838 1298 post
865 1224 990 1297 partum
1012 1221 1206 1280 benedictio-

240 1333 323 1385 uem,
346 1315 398 1372 sod
421 1317 581 1389 praestare
603 1313 634 1372 id
657 1313 760 1374 solent
787 1314 977 1374 solummodo
999 1332 1041 1374 eor
1059 1317 1140 1390 pia,
1166 1332 1207 1374 ac
1285 1343 1286 1348 ¹

241 1405 403 1466 laudabili
424 1405 676 1478 consuetudine,
700 1408 736 1464 ut
757 1405 876 1488 legitur
890 1405 922 1463 in
944 1405 1066 1467 Rituali
1088 1409 1207 1467 Roma·
1285 1477 1286 1488 χ

242 1516 298 1556 uo:
324 1516 424 1574 neque
443 1498 605 1558 ferendum
627 1517 694 1558 esse
715 1498 864 1558 mulieres
885 1517 922 1559 ea
944 1498 1106 1558 occasione
1127 1499 1207 1560 assi·
1285 1503 1286 1552 ἐ

239 1593 325 1650 stere
340 1592 451 1651 missae
472 1591 648 1652 celebratae
663 1610 682 1651 a
702 1593 857 1666 Parocho,
873 1592 925 1652 vel
947 1586 1140 1670 Presbytero
1155 1593 1204 1652 iu-

240 1687 323 1756 rato,
339 1685 377 1743 ob
398 1685 554 1744 rationem
575 1703 666 1761 saepe
688 1685 810 1762 saepius
831 1685 1013 1746 indicatam.

300 1779 429 1841 Quaeso.
445 1778 476 1838 9.
492 1779 574 1838 Num
597 1777 686 1838 licite
707 1779 815 1839 fideles
836 1779 867 1837 in
889 1779 1037 1852 articulo,
1052 1779 1106 1839 vel
1121 1779 1206 1856 peri·
1285 1827 1286 1842 t

240 1871 312 1932 culo
332 1871 445 1930 mortis
460 1872 581 1948 possint
595 1871 822 1932 absolutionem
845 1873 986 1951 recipere
1000 1892 1018 1935 a
1032 1874 1203 1934 Sacerdote

240 1964 357 2036 iurato,
373 1967 406 2024 et
426 1983 445 2024 a
465 1965 605 2024 Perocho
627 1965 762 2026 intruso.

300 2059 395 2135 Resp.
412 2061 481 2120 Non
497 2077 564 2118 esse
579 2059 813 2138 improbandam
834 2059 1003 2134 rationem,
1018 2079 1111 2138 quam
1119 2061 1207 2134 inie-

242 2157 319 2216 runt
340 2153 483 2212 nonnulli
496 2153 651 2212 Gallicani
670 2154 841 2231 praesules,
857 2154 909 2230 qui
931 2153 963 2212 in
984 2154 1203 2226 articularet

223 2238 379 2327 ¹periculo
401 2247 527 2320 mortis,
543 2247 755 2324 poenitentiae
778 2248 1036 2319 Sacramentum,
1053 2250 1131 2323 quod
1155 2251 1205 2307 est

239 2345 374 2403 secunda
395 2347 467 2418 post
489 2340 687 2418 naufragium
703 2341 824 2414 tabula,
839 2359 858 2400 a
873 2341 1094 2401 Sacerdotibus
1116 2341 1206 2400 iura·

240 2437 295 2510 tis,
318 2455 353 2496 ac
375 2435 470 2495 etiam
494 2453 513 2494 a
533 2435 682 2494 Parochls
702 2435 835 2495 intrusis
861 2436 958 2514 recipi
980 2455 1068 2513 posse
1090 2436 1206 2513 permiss

241 2533 363 2602 serunt,
379 2528 545 2588 deficiente
567 2528 677 2604 quovis
698 2528 761 2588 alio
781 2529 936 2588 catholico
958 2529 1136 2590 Sacerdote.

301 2625 429 2689 (tuaest.
448 2621 496 2682 10.
513 2623 594 2682 Num
617 2621 740 2680 licitum
762 2622 805 2682 sit
826 2624 1052 2684 Sacerdotibus
1074 2643 1134 2682 nou
1158 2623 1206 2684 ie·
1285 2645 1286 2648 ¹

240 2717 324 2778 inuis
349 2715 491 2777 Hostiam
520 2731 734 2774 consummare
755 2733 774 2775 a
795 2717 1016 2776 Sacerdotibus
1037 2717 1202 2776 catholicis

241 2815 450 2884 consecratas,
466 2807 556 2868 ne'in
580 2827 688 2869 manus
710 2809 880 2870 deveniant
900 2809 1107 2870 intrusorum.

301 2907 397 2980 Hesp.
413 2904 526 2964 Licere
541 2903 763 2965 Sacerdotibus
786 2923 845 2962 non
860 2903 973 2963 ieiunis
986 2905 1114 2965 Hostias
1129 2923 1204 2964 cou·
1285 2969 1286 2976 y

178 3067 180 3072 ,
240 3016 396 3060 summare
418 2997 621 3058 acatholicis
642 2997 864 3056 Sacerdotibus
884 3001 1095 3070 consecratas,
1116 3017 1154 3057 ue
1168 2997 1200 3058 in
1285 3005 1286 3012 ³

240 3107 350 3152 manus
364 3092 558 3150 intrusorum
575 3091 718 3163 veniant,
731 3091 853 3167 quoties
867 3092 949 3152 alius
959 3094 1110 3152 Sacerdos
1125 3093 1205 3152 ielu·
1285 3127 1286 3130 =

239 3203 298 3243 nus
320 3202 380 3242 uon
403 3182 513 3255 adsit,
538 3200 594 3241 uec
616 3181 681 3243 alia
702 3183 827 3244 ratione
849 3185 970 3245 consuli
991 3183 1091 3263 possit
1111 3203 1201 3245 reve·

240 3277 364 3336 rentiaa
385 3275 493 3334 iisdem
516 3275 637 3336 Hostiis
658 3277 791 3348 debitae,

303 3371 431 3436 Quaest.
449 3369 498 3429 11.
514 3371 596 3432 Num
619 3369 763 3431 fidelibus
778 3371 874 3432 lideat
895 3389 996 3450 genua
1010 3371 1138 3432 flectere
1153 3388 1202 3431 co·

240 3477 308 3522 ram
329 3463 449 3522 Hostiis
470 3463 661 3524 consecratis
681 3463 720 3523 ab
741 3463 885 3524 intrusis.
