2606 4268
683 253 860 314 -114-

295 369 348 424 tur
369 363 401 422 in
423 361 591 433 Memorio,
609 361 648 420 iis
663 359 785 420 seilicet
799 379 876 437 quae
891 361 1094 422 celebrantur
1109 378 1176 432 oon
1190 379 1247 438 ser·

293 466 374 518 voto
393 459 501 534 formo
521 455 724 530 praescripto
738 471 759 512 a
776 453 971 514 Tridentino
987 452 1142 525 Concilio,
1159 473 1249 530 quau·

293 549 453 610 dehaberi
472 550 577 624 potest
588 547 766 623 praesentio
781 547 909 622 parochi
923 546 1086 616 catholici,
1103 565 1156 606 sen
1172 547 1249 608 alius

293 644 466 708 sacerdotis
485 643 524 701 de
535 640 674 717 parochi
686 650 742 700 seo
757 639 931 700 ordinarii
947 643 1094 702 licentio.
1107 643 1251 725 Quamvis

292 756 369 798 vero
383 736 559 796 huiusmodi
574 734 773 794 matrimonia
789 735 876 820 nulla
890 735 966 806 sint,
989 737 1248 811 peropportunum

293 835 398 892 tamen
421 830 495 901 erit,
511 831 547 889 ut
560 827 591 886 in
606 827 728 888 casibus
743 827 951 904 peculiaribus
967 826 1079 886 talium
1094 829 1249 888 matrimo-

292 925 417 984 niorum
429 917 508 999 quae
520 922 652 982 nulliter
666 921 826 982 celebrata
837 926 923 994 sunt,
940 923 977 980 ad
992 920 1104 984 Sedena
1119 924 1251 998 Aposto-

293 1017 387 1078 licam
408 1015 604 1086 recurratur,
619 1013 771 1089 expositis
793 1013 935 1072 omnibus
955 1013 1031 1072 iacti
1050 1013 1249 1074 circumstnn·

292 1111 360 1183 tiis,
379 1127 439 1185 quo
461 1107 544 1168 facto
564 1106 652 1166 dabit
669 1108 786 1166 Eadem
808 1108 1000 1183 opportunas
1023 1106 1247 1184 providentias.

352 1204 442 1264 XXII
462 1200 582 1278 Aprilis
602 1201 804 1260 Moooxov.

680 1385 860 1442 xxxiv.
936 1462 938 1466 J

624 1484 918 1554 DUBIUM

585 1639 728 1699 SUMMO
750 1639 957 1700 PONTIFIGI

452 1825 491 1874 AB
511 1825 747 1868 Ancutarusooro
776 1825 948 1868 vmuuuusr
976 1827 1174 1872 rubrosrruu

602 1959 808 2017 Beatissimo
828 1959 941 2017 Pater.

350 2135 427 2196 (ium
440 2133 546 2194 debita
566 2131 759 2204 humilitate,
776 2149 831 2190 neo
845 2131 965 2192 minore
979 2132 1103 2206 fiducia,
1119 2135 1253 2194 Archia-

290 2231 434 2306 piscopus
455 2228 653 2300 Viennensis,
669 2229 706 2286 ad
723 2229 815 2302 pedes
829 2227 1016 2287 sanctitatis
1032 2229 1165 2288 Vestrae
1182 2247 1253 2305 pro·

290 2321 432 2393 vetuitus,
455 2319 603 2379 veritatis
624 2321 725 2378 lucem
747 2319 890 2394 pluribus
904 2319 1081 2379 Galliarum
1102 2321 1253 2390 Ecclesiis

289 2413 496 2472 necessariam
518 2413 653 2488 requirit
674 2431 713 2470 ex
735 2429 788 2470 ore
809 2411 896 2471 Eius.

348 2505 484 2581 Legibus
504 2505 595 2582 regni
616 2503 803 2578 Galliarum,
816 2523 856 2564 ex
877 2505 1008 2581 pecunia
1030 2523 1087 2564 non
1110 2505 1253 2567 alienata

288 2597 530 2675 praestationem
552 2616 686 2658 annuam
707 2598 835 2676 exigere
857 2598 1005 2673 vetitum3
1030 2618 1128 2677 neque
1144 2603 1251 2662 tamen

288 2691 401 2775 ubique
410 2693 521 2780 'eadem
530 2693 587 2750 hac
599 2693 635 2752 de
648 2710 682 2750 re
691 2693 978 2753 Porlomeatoram
988 2693 1251 2771 iurisprudentia,

287 2805 365 2864 quae
380 2787 504 2862 quidem
518 2787 588 2863 plus
610 2785 751 2846 minusve
767 2786 851 2846 hisce
865 2787 956 2864 regni
971 2788 1093 2864 legibus
1106 2789 1251 2850 favebat:

288 2881 351 2939 imo
372 2880 404 2940 in
426 2880 607 2956 quibusdam
629 2878 800 2954 provinciis
827 2879 922 2938 istam
944 2897 1078 2940 annuam
1106 2885 1254 2957 praesta-

287 2973 404 3032 tionem
427 2973 581 3048 stipulare
603 2973 858 3048 permittebatur.
892 2991 895 2996 ·

348 3068 427 3126 Usus
441 3070 545 3124 autem
567 3065 714 3141 exigendi
734 3067 765 3124 in
780 3065 965 3125 civitatibus
978 3083 1054 3142 quas
1065 3069 1256 3127 commercii

286 3159 414 3228 vocant,
430 3157 476 3217 ita
490 3157 681 3230 invaluerat,
699 3161 734 3216 ut
748 3157 946 3218 confessariis
966 3158 1164 3236 poenitentes
1180 3179 1255 3220 suos

288 3251 326 3308 ad
348 3249 508 3308 meliorem
529 3249 651 3325 frugem
673 3249 840 3308 revocandi
862 3251 968 3324 nulla,
991 3255 1048 3311 aut
1069 3251 1136 3312 iero
1158 3254 1255 3314 nulla

287 3341 458 3418 probabilis
480 3360 549 3418 spes
569 3341 746 3419 affulgeret.

346 3435 453 3510 Neque
474 3435 570 3494 etiam
592 3435 810 3508 omittendum,
834 3454 894 3494 non
915 3437 1099 3510 mediocres,
1123 3443 1255 3515 postre-

286 3515 345 3587 mis
366 3527 450 3587 hisce
472 3529 674 3639 temporibus,
697 3529 848 3590 casuistas
870 3529 1020 3604 inter,÷de
1042 3533 1100 3592 hae
1122 3534 1257 3610 gravia-
