2624 4260
641 276 817 335 -198—

248 385 323 440 tura
343 385 428 456 sunt,
451 400 486 440 ac
508 383 603 442 etlam
624 383 656 441 in
671 383 851 442 immediate
866 383 1075 459 sequentibus,
1098 385 1214 458 quate·

250 491 319 547 nus,
341 478 420 550 quod
442 475 535 549 absit,
550 475 678 534 minime
693 475 725 534 in
748 477 859 536 melius
881 475 1054 536 immutatis
1075 474 1214 534 circum·

248 568 388 642 stautiis,
401 571 434 627 et
448 571 535 629 nulla
550 588 643 646 super
664 571 722 629 hoc
743 571 867 647 prolata
882 590 962 631 nova
982 571 1062 647 lege,
1077 570 1212 629 decedat

249 678 407 721 successor
427 665 559 735 Noster,
582 666 767 740 derogatum
782 665 937 737 volumus,
954 667 987 724 et
1007 665 1096 740 plene
1110 665 1211 738 atque
1307 687 1308 744 ᾗ

248 771 394 830 expresse
418 756 603 833 derogamus
631 777 690 816 non
719 759 818 817 solum
847 757 887 816 iis
915 757 1036 834 legibus
1058 774 1134 832 quae
1169 756 1209 815 de

248 846 396 906 habendis
421 848 559 908 comitiis
587 849 619 906 in
642 869 677 909 eo
697 851 763 910 loco
785 851 836 910 ubi
858 855 1000 910 mortuus
1026 853 1074 908 est
1094 848 1210 907 Ponti·
1307 881 1308 912 i

247 938 299 998 fex
331 941 523 1002 constitutae
555 947 650 1016 sunt,
680 946 731 1003 sed
763 945 858 1005 etiam
883 943 1024 1002 omnibus
1052 959 1209 1001 caeremo-
1307 973 1308 1014 g

249 1031 329 1106 niis,
359 1034 630 1109 solcmnItatibus,
660 1037 934 1096 consuetudinibus
962 1055 1039 1114 quae
1067 1037 1104 1094 ad
1131 1034 1209 1092 sub·

247 1126 397 1186 stantiam
418 1130 583 1189 canonicae
605 1131 768 1190 electionis
788 1130 915 1188 minime
937 1130 1107 1207 pertinent,
1123 1131 1158 1186 et
1172 1126 1206 1184 in

245 1221 398 1280 Pontifice
413 1221 555 1298 eligendo
569 1224 691 1283 servari
706 1225 809 1291 solent
823 1241 862 1282 cx
877 1223 1071 1300 praescripto
1086 1225 1118 1280 et
1132 1239 1208 1279 san·

245 1314 402 1374 ctionibus
416 1318 626 1376 Romanorum
641 1317 842 1390 Pontificum,
858 1337 893 1376 ac
915 1316 1100 1393 praesertim
1112 1315 1206 1374 Beati

246 1408 392 1484 Gregorii
406 1411 435 1468 X
457 1409 682 1470 constitutione
708 1410 765 1468 Udi
781 1413 974 1486 periculum,
991 1409 1076 1467 edita
1088 1407 1120 1464 in
1133 1425 1207 1465 con·¹

245 1502 318 1560 cilio
340 1503 479 1578 generali
500 1504 719 1580 Lugdunensi,
743 1503 970 1584 constitutione
991 1501 1162 1562 Clementis
1177 1501 1206 1558 V

244 1596 291 1656 Ne
312 1597 464 1666 Romani,
481 1596 567 1655 ediis
587 1597 619 1654 in
640 1595 770 1656 concilio
785 1585 926 1672 generali
939 1594 1116 1666 Viennensi,
1130 1612 1207 1652 con·

245 1689 410 1750 stitutione
438 1689 608 1749 Clementis
629 1691 673 1750 VI
695 1691 785 1750 Licet
813 1693 850 1749 io
872 1689 1126 1759 Constitutione,
1150 1705 1207 1746 an·

245 1785 277 1842 ni
302 1784 497 1854 Musaeum
527 1784 644 1843 Urbani
674 1787 748 1844 VIII
769 1785 823 1844 Ad
848 1785 991 1844 Romani
1017 1786 1204 1862 Pontifices,

244 1876 319 1936 anni
339 1875 544 1948 MDOXXVI;
567 1875 617 1933 Pii
632 1875 675 1936 IV
696 1877 740 1936 Ic
762 1879 932 1953 stipendis,
948 1877 1021 1938 annii
1042 1877 1203 1948 MDLXII3

245 1970 362 2028 duabus
385 1969 529 2046 Gregorii
549 1971 609 2029 XV
631 1969 769 2030 Aeterni
788 1973 904 2030 Patris
924 1990 958 2030 ac
973 1971 1069 2032 Decet
1085 1971 1208 2029 Roma-

244 2080 323 2121 num
343 2063 546 2140 Pontificem,
570 2063 644 2122 anni
665 2065 842 2136 MDOXXI3
859 2064 1029 2124 Clementis
1044 2065 1103 2122 XII
1118 2063 1207 2138 Apo·

243 2160 377 2216 stolatus
391 2157 539 2232 officium,
554 2155 627 2216 anni
641 2158 883 2231 MDOGXXXII,
900 2164 933 2218 et
946 2161 1062 2220 Nostra
1078 2156 1206 2217 Christi

242 2250 417 2322 Ecclesiae,
442 2250 515 2309 anni
536 2249 678 2326 proxime
700 2249 893 2326 superioris,
923 2253 953 2310 in
983 2253 1022 2310 iis
1043 2270 1119 2328 quae
1148 2271 1204 2328 po·
1307 2281 1308 2286 1

244 2343 372 2401 steriori
394 2343 467 2400 huic
488 2344 715 2416 adversantur;
739 2343 892 2420 simulque
914 2345 1106 2418 Oasdioales,
1129 2348 1199 2404 tum
1307 2333 1308 2370 ³

243 2436 418 2506 universos,
442 2439 507 2494 tum
531 2435 681 2511 singulos,
694 2437 733 2494 ab
745 2437 828 2495 omni
844 2439 1032 2497 sacramenti
1047 2438 1203 2514 religione
1307 2447 1308 2518 j

242 2546 302 2604 qua
322 2547 354 2586 se
375 2528 612 2586 obstrinxerunt
634 2546 671 2586 ea
693 2529 795 2587 omnia
817 2531 960 2596 servandi
982 2549 1018 2590 ac
1040 2529 1204 2590 retinendi

241 2621 273 2679 in
295 2621 457 2681 Pontificis
478 2620 641 2694 electione,
665 2639 720 2697 pro
742 2622 852 2698 primis
874 2627 998 2684 tantum
1021 2623 1138 2684 futuris
1155 2643 1205 2683 co-
1307 2659 1308 2662 =

170 2759 172 2761 -
241 2715 358 2787 mitiis,
376 2719 410 2774 et
430 2718 582 2791 quatenus
602 2733 678 2790 opus
699 2714 742 2772 sil
756 2733 812 2790 pro
833 2715 1012 2776 immediate
1033 2717 1203 2779 dumtaxat
1307 2715 1308 2718 ’

241 2809 462 2886 sequentibus,
485 2808 636 2867 solvimus
664 2813 696 2867 et
724 2811 841 2869 solutos
867 2812 1072 2870 declaramus.
1100 2813 1202 2878 Quum

241 2906 346 2962 autem
368 2901 583 2978 intelllgamus
604 2920 724 2978 quoque
745 2904 914 2978 plurimum
935 2907 973 2964 ed
1001 2905 1201 2964 celeritatem

240 2995 405 3053 electionis
425 2995 625 3066 collaturum,
650 2996 676 3053 si
698 2997 878 3056 cardinales
902 3001 976 3057 ante
1001 2999 1123 3058 obItum
1136 2999 1202 3059 No-

239 3090 340 3146 strum
355 3087 482 3146 consilia
502 3087 610 3147 ineant
624 3089 708 3148 inter
730 3107 774 3162 se,
797 3089 1032 3168 deliberantque
1047 3110 1200 3168 quaenam

241 3178 415 3254 expedItior
430 3179 512 3238 ratio
527 3197 588 3254 qua
600 3183 634 3238 et
647 3199 683 3240 ea
705 3181 774 3240 fieri
788 3201 866 3259 quae
881 3202 900 3243 a
913 3184 1010 3244 Nobis
1025 3185 1200 3246 constituta

240 3274 331 3342 sunt,
354 3273 387 3328 et
407 3269 507 3328 futuri
530 3271 692 3330 Pontificis
713 3273 826 3334 electio
847 3278 970 3335 mature
992 3294 1027 3334 ac
1048 3277 1200 3336 celeriter

239 3363 347 3422 haberi
362 3363 472 3438 possit,
489 3381 641 3440 quumque
657 3365 848 3440 apostolicae
869 3367 1113 3428 constitutiones
1128 3387 1202 3444 gre·

238 3455 373 3516 vissimis
395 3457 534 3516 censuris
562 3475 614 3516 cos
635 3457 763 3518 affectos
789 3461 891 3520 velint
913 3461 984 3538 qui,
1006 3462 1137 3521 vivente
1166 3469 1198 3521 et

238 3548 416 3610 inconsulto
437 3549 599 3624 Pontifice,
622 3551 659 3609 de
680 3568 854 3612 successore
876 3553 942 3612 eius
965 3553 1112 3631 eligendo
1134 3572 1200 3614 ser-
