2624 4260
306 355 374 414 nire
396 353 528 432 possint,
551 357 645 430 atque
667 357 704 414 11
724 353 860 429 spatium
882 352 983 429 ipsum
1006 351 1132 412 nonsit
1161 369 1269 428 proro·

306 450 440 528 gaudum
468 452 599 526 propter
626 448 848 508 nonnullorum
870 447 1064 519 absentiam3
1092 448 1147 505 sed
1169 446 1270 522 magis

304 547 446 613 curetur,
468 560 507 601 ne
528 541 667 602 Ecclesia
686 541 806 600 diutius
827 540 948 600 visibili
964 558 1019 599 suo
1034 540 1269 616 Capitecareat

305 655 419 713 suoque
446 639 584 712 pastore.
612 637 729 696 Verum
751 653 829 712 quae
851 634 976 695 stabilis
998 651 1034 692 ac
1055 631 1269 692 determinata

304 731 359 790 lex
379 731 520 789 incertae
538 729 717 789 necessitati
732 732 906 806 temporum
922 725 1268 788 turbulentissimorum
1304 733 1306 770 l

258 842 260 847 ’
305 823 436 902 praefigi
458 822 579 900 potest?
599 821 729 889 Quinam
746 825 840 882 vades
855 825 919 881 erit
933 822 965 880 in
981 819 1200 897 praesentibus
1215 819 1268 876 hu·

305 932 467 976 manarum
493 931 598 974 rerum
626 913 896 974 vicissitudinibus
918 913 1044 971 minime
1065 910 1211 970 futurum
1235 913 1268 969 11

305 1013 447 1091 tempora
468 1027 545 1086 quae
566 1009 604 1068 ab
626 1008 718 1068 initio
740 1009 879 1086 praefixa
899 1008 1026 1068 fuerant
1047 1009 1083 1066 ad
1100 1021 1223 1066 summa
1236 1009 1267 1065 et

305 1102 493 1182 gravissima
515 1101 640 1178 negotia
661 1102 903 1177 pertractanda,
925 1100 1065 1161 breviari
1086 1101 1139 1159 vel
1160 1116 1267 1177 proro-

306 1195 376 1275 gari
398 1193 553 1254 debeautl

365 1290 467 1356 Quare
488 1287 742 1348 consuetudinem
765 1288 853 1348 illam
869 1291 902 1348 et
916 1289 1016 1366 legem
1032 1289 1069 1347 de
1083 1287 1191 1346 decom
1207 1287 1266 1346 die·

195 1461 198 1467 Ι
304 1385 362 1445 bus
384 1388 611 1460 temperamus3
633 1387 667 1442 et
687 1383 905 1443 cardinalibus
928 1385 961 1442 S.
984 1385 1023 1443 R.
1046 1383 1083 1441 ll.
1107 1380 1162 1458 qui
1177 1399 1265 1458 prae-

305 1468 407 1539 sentes
428 1475 691 1548 crastinorum
707 1475 875 1536 arbitrium
890 1477 998 1536 damus
1011 1479 1044 1535 et
1056 1475 1263 1547 concedimus,

305 1576 342 1632 ut
363 1589 422 1630 nou
439 1572 606 1646 expectato
618 1569 735 1628 decimo
749 1570 799 1630 die
814 1569 981 1630 viduitatis
994 1569 1197 1646 Apostolicae
1211 1570 1265 1628 Se-

303 1665 370 1736 dis,
392 1664 423 1722 in
445 1662 592 1743 conclave
616 1662 855 1735 couvenientes,
884 1663 1028 1738 omnique
1056 1679 1146 1721 mora
1174 1661 1266 1720 abru-

304 1761 370 1835 pta,
387 1756 593 1833 praeveniant
609 1755 830 1831 impedimenta
844 1755 989 1832 praevisa
999 1743 1032 1813 et
1044 1755 1189 1831 proxima
1201 1754 1265 1812 sive

304 1851 342 1910 ob
356 1849 554 1908 imminentes
573 1848 707 1925 inquieti
726 1848 832 1925 populi
852 1849 1024 1919 tumultus,
1046 1848 1115 1908 sive
1135 1847 1265 1924 propter

303 1940 504 2002 excursiones
524 1944 558 2000 et
578 1943 696 2000 metum
722 1942 807 2014 belli,
831 1941 883 2000 vel
904 1942 943 2000 ob
964 1941 1043 1998 alias
1061 1939 1183 1999 similes
1198 1958 1268 2017 pro.

303 2035 405 2094 ximus
420 2052 528 2094 causas
543 2024 771 2095 calamitatum.
788 2037 812 2096 E
828 2039 939 2094 contra
954 2035 979 2093 si
994 2034 1053 2093 illa
1067 2035 1177 2092 eadem
1198 2052 1267 2111 gra·

303 2127 357 2187 vio
381 2126 546 2186 'obstacula
574 2126 634 2185 iam
663 2114 842 2202 praesentia
862 2129 945 2200 sint,
974 2130 1008 2186 et
1032 2127 1266 2202 conspiciantur
1303 2141 1305 2150 ·

303 2221 459 2281 violentia
479 2239 535 2280 sua
556 2221 660 2280 omnia
680 2221 880 2296 perturbare,
897 2240 952 2280 uec
967 2222 1064 2280 ullam
1085 2219 1265 2296 tranquilli-

303 2314 381 2372 tatis
394 2317 427 2372 et
442 2312 601 2372 libertatis
615 2330 699 2388 spem
715 2313 909 2389 relinquant,
922 2317 988 2372 tum
1003 2313 1042 2372 ab
1058 2313 1168 2372 iisdem
1186 2313 1266 2372 Gar·
1304 2353 1305 2415 l

303 2406 459 2465 dinalibus
480 2407 614 2482 spatium
636 2406 713 2465 illud
735 2410 964 2467 extendendum
984 2426 1020 2468 ao
1036 2409 1263 2484 prorogandum

303 2500 378 2572 erit,
395 2501 491 2588 donee
507 2506 676 2578 tempestas
691 2502 829 2562 residere
844 2503 988 2579 incipiat,
1003 2507 1189 2579 tempusque
1204 2519 1264 2560 ma·
1303 2559 1304 2584 Ξ

304 2594 353 2672 gis
373 2611 517 2653 serenum
538 2595 701 2671 splendere
723 2596 882 2656 videatur.
907 2597 1060 2656 Volumus
1081 2599 1207 2672 itaque,
1231 2598 1263 2653 ut
1303 2601 1304 2616 ¹

303 2688 340 2747 ed
363 2687 485 2746 eosdem
506 2689 689 2748 cardinales
703 2691 735 2749 S.
753 2691 788 2749 Ε.
806 2692 845 2750 R.
862 2694 1001 2766 potestas
1017 2697 1092 2749 tuno
1106 2688 1263 2766 pertineat

302 2781 459 2842 iudicandi
481 2799 517 2840 ao
539 2783 725 2842 decernendi
747 2800 804 2859 pro
826 2801 933 2841 rerum
950 2783 1129 2842 conditione
1144 2781 1262 2858 quando

207 2865 214 2878 ⁴
302 2872 334 2930 in
356 2874 511 2935 conclave
532 2874 768 2952 ingrediendum
791 2876 852 2948 sit3
875 2876 1014 2952 itemque
1030 2876 1174 2934 volumus
1188 2877 1226 2932 ut
1237 2873 1262 2931 si

303 2985 361 3024 non
385 2969 520 3025 omnium
542 2986 672 3027 concors
693 2969 850 3028 sententia
871 2975 964 3043 esset,
978 2973 1086 3028 omnes
1099 2974 1204 3028 tamen
1220 2971 1262 3026 te·

302 3067 436 3121 neantur
450 3081 483 3121 se
498 3064 690 3122 conformare
705 3068 738 3124 et
751 3067 876 3124 obedire
891 3066 974 3125 dioto
990 3066 1119 3126 maioris
1134 3081 1261 3123 numero

301 3154 413 3231 partis.
430 3156 513 3235 Quod
528 3155 554 3212 si
568 3156 733 3231 tranquilli
746 3163 842 3216 erunt
854 3157 919 3217 dies
931 3158 1098 3234 praedicti,
1111 3163 1144 3216 et
1163 3158 1262 3216 omnia

301 3247 416 3322 absque
438 3247 503 3305 ullo
525 3247 599 3306 muli
622 3248 760 3323 periculo
783 3250 884 3308 veluti
906 3250 938 3308 in
961 3255 1054 3326 portu
1077 3250 1261 3322 consistant,

301 3340 376 3398 1119
396 3338 500 3397 omnia
521 3341 687 3396 secundum
709 3339 811 3416 legem
834 3339 924 3413 fiant,
947 3346 980 3400 et
1001 3347 1150 3400 servetur
1173 3359 1260 3416 pree·

302 3432 418 3492 diotum
432 3431 567 3508 spatium
580 3434 683 3490 decem
699 3433 820 3492 dierum
834 3451 889 3510 pro
903 3435 1045 3510 ingressu
1059 3435 1090 3493 in
1103 3435 1260 3494 conclave:

300 3530 393 3606 atque
415 3527 461 3588 119
482 3528 563 3587 haud
586 3526 676 3603 pauci
698 3545 738 3586 ex
759 3529 978 3590 cardinalibus
998 3529 1127 3608 quinon
1143 3531 1260 3608 degunt
1298 3525 1301 3648 1
