2582 4270
460 303 498 316 ..
520 271 560 331 43
581 305 619 320 .-

54 374 177 452 aliquot
198 394 214 434 e
237 376 359 448 Gallia,
383 394 439 436 nec
467 395 527 436 non
550 381 583 437 et
604 395 621 436 0
642 376 798 438 Sabaudia
819 376 1022 454 profugorum

54 469 271 546 episcoporum
302 473 335 529 ct
370 470 627 548 presbyterorum
662 470 797 535 miseriti
832 474 956 544 status,
990 470 1045 529 in,

53 580 148 640 quem
166 563 364 624 observatam
379 566 441 623 Deo
458 564 550 624 fidem
573 563 767 638 deciderunt,
780 566 903 624 eosdem
918 582 1025 625 aman·

54 665 107 717 ter
130 659 344 735 susceperitis,
366 659 528 733 inretitis,
541 677 577 718 ac
591 659 624 718 in
640 663 766 720 restrae
787 659 918 738 pietatis
932 659 1023 737 asylo
1072 670 1076 676 '

54 750 235 813 retineatis.
252 752 342 814 Nihil
363 753 467 812 facere
489 752 587 815 Nobis
600 753 659 812 hoc
681 757 822 830 tempore
835 753 971 814 maxima
985 754 1023 812 de

54 845 170 906 talium
191 845 334 906 virorum
355 845 529 906 infortunio
550 845 697 906 sollicitis
716 847 840 924 gratius
860 851 953 924 atque
974 864 1024 906 ac

53 944 177 1022 ceptius
198 944 359 1022 potuistis,
383 944 463 1005 nihil
485 964 544 1022 quo
565 945 742 1006 animorum
764 949 945 1006 vestrorum
966 947 1024 1005 hu·

53 1039 241 1099 manitatem
263 1039 423 1099 illustrius
434 1041 693 1116 comprobaretis,
706 1058 797 1118 quam
811 1041 869 1100 hac
884 1039 952 1117 ipsa
966 1057 1023 1116 pu-

52 1133 139 1192 blica
160 1132 374 1210 singularique
397 1133 593 1194 liberalitate
616 1139 735 1206 vestra,
751 1153 812 1210 qua
833 1133 1023 1210 capientese

53 1225 162 1302 patria
183 1225 288 1304 fugam
310 1243 367 1303 pro
381 1225 437 1286 Dei
454 1244 557 1299 causa,
571 1227 774 1303 maximisque
789 1225 1022 1288 calamitatibus

53 1319 195 1379 obiectos
216 1324 325 1380 vestra
346 1339 402 1398 ope
424 1321 602 1394 sublevare,
619 1337 775 1393 recreare,
792 1339 827 1380 ac
849 1319 945 1380 solari
960 1337 1021 1378 non

53 1413 234 1474 dubitastis.
251 1415 317 1482 Quo
337 1414 486 1474 beneficio
508 1418 616 1474 vestro
636 1433 696 1473 non
713 1414 814 1474 solum
832 1413 916 1472 omni
931 1413 1023 1472 laude

52 1505 253 1583 dignissimos
267 1508 357 1568 vobis
379 1507 597 1568 obstrinxistis
611 1507 765 1580 homines,
782 1508 880 1566 sedet
893 1505 1023 1564 immor-

53 1599 153 1660 talem
168 1604 277 1660 restro
299 1601 417 1661 nomini
440 1601 574 1679 gloriam
597 1600 813 1678 comparastis.
830 1601 912 1666 Quas
934 1597 1024 1658 vobis

52 1691 157 1770 igitur
179 1693 350 1753 universim
372 1693 530 1754 reddimus
555 1693 694 1770 gratias,
721 1695 843 1753 easdem
865 1691 1022 1752 etiamad

53 1788 197 1865 singulos
217 1805 274 1864 pro
295 1789 507 1866 singularibus
528 1787 676 1864 cuiusque
697 1786 789 1846 iactis
810 1785 1021 1858 extendimus,

52 1901 90 1942 ac
119 1883 307 1958 pracsertim
336 1884 374 1944 ad
403 1882 617 1942 venerabilem
649 1881 783 1942 fratrem
812 1881 1023 1940 Sedunensem

53 1973 244 2050 episcopum,
260 1979 293 2036 et
314 1975 462 2036 dilectum
484 1974 584 2034 filium
602 1973 783 2034 Baiulivum
803 1977 956 2047 restrum;
969 1971 1022 2050 qui

53 2067 182 2142 qualem
205 2086 343 2145 operam,
358 2069 450 2146 quale
464 2067 688 2146 praestiterint
703 2085 764 2128 una
780 2067 942 2127 vobiscum
956 2071 1024 2126 stu-

54 2159 155 2232 dium,
178 2179 238 2219 000
260 2161 624 2239 ignoramus,grataque
645 2179 767 2238 semper
780 2160 932 2220 memoria
944 2159 1023 2220 reti-

54 2252 208 2313 nebimus.
226 2253 312 2314 Certi
328 2254 419 2331 plane
442 2272 560 2326 sumus,
576 2253 686 2314 dilecti
708 2253 780 2327 filii,
796 2271 836 2313 ex
850 2253 909 2311 hoc
924 2251 1023 2312 officio

52 2347 173 2406 Nostro
187 2364 352 2424 generosos
370 2347 491 2406 animos
512 2350 635 2407 vestros
649 2347 867 2424 imposterum,
883 2347 1024 2406 0101100-

54 2439 142 2500 xime
163 2440 227 2501 sint
247 2459 305 2518 per
326 2459 359 2500 sc
380 2441 462 2517 ipsos
477 2441 514 2499 ad
535 2443 683 2501 tuendum
699 2443 756 2501 hoc
770 2441 864 2500 decus
878 2439 1021 2513 excitati,

54 2535 162 2594 tamen
185 2535 284 2612 magis
306 2535 407 2595 adhuc
427 2533 663 2595 inflammandos
684 2553 750 2595 esse
762 2536 801 2596 ad
823 2537 933 2595 vestra
946 2551 1023 2612 erga

52 2628 167 2696 Deum,
189 2644 224 2686 ac
246 2631 385 2688 sanctam
407 2628 487 2687 hanc
509 2628 620 2687 sedern
635 2629 823 2689 cumulanda
844 2627 969 2698 merita,
983 2625 1021 2686 ad

56 2723 290 2798 prosequendos
302 2722 423 2782 scilicet
441 2721 732 2800 amplificandosque
745 2723 936 2783 christianae
950 2721 1023 2779 cha-

53 2813 166 2875 ritatis
186 2818 274 2876 actus
294 2814 326 2874 in
342 2814 631 2876 aerumnosissimos
652 2815 727 2876 illos
746 2818 880 2878 Nostros
906 2813 1036 2872 fratres*

55 2907 199 2981 01111100,
214 2927 289 2984 quos
304 2909 393 2968 vobis
403 2909 500 2969 etiam
522 2911 616 2985 atque
631 2909 727 2968 ctiam
741 2926 800 2967 non
822 2907 888 2968 sine
903 2921 1023 2965 summa

54 3005 185 3062 vestrae
195 3001 325 3077 pietatis
339 3000 454 3062 fiducia
467 3001 729 3061 commendamus.
741 3003 912 3062 Precamur
926 2997 1023 3058 omni·

53 3099 217 3172 potentem
231 3097 341 3168 Deum,
352 3099 387 3156 et
396 3095 564 3156 Dominum
579 3098 720 3155 nostrum
734 3096 835 3154 Iesum
847 3093 1020 3166 Christum,

54 3193 90 3250 ut
103 3207 162 3250 vos
175 3189 244 3266 ipse
264 3189 394 3250 caelesti
415 3207 489 3250 0000
504 3191 627 3266 gratiae
649 3188 802 3267 largitate
824 3191 1021 3262 muneretur,

54 3283 204 3360 vobisque
222 3283 425 3359 apostolicam
446 3281 694 3344 benedictionem
709 3300 748 3342 ex
762 3282 876 3343 intimo
890 3285 1022 3360 paterno

54 3379 146 3438 corde
168 3379 385 3454 depromptam
406 3379 608 3452 peramanter
629 3375 841 3453 impertimur.

110 3473 228 3532 Datum
240 3472 370 3542 Romae,
383 3469 433 3528 die
444 3470 551 3530 XXXI
561 3469 697 3547 Augusti
708 3471 928 3546 MDOOXOIII,
941 3470 1023 3530 Pon-

54 3563 197 3628 tificatus
217 3561 329 3626 Nostri
344 3579 425 3624 anno
445 3562 541 3624 XIX..
593 3615 599 3626 .
