2624 4260
471 254 648 316 -245-

399 437 549 492 Latina
568 439 704 493 veruto

343 623 766 694 INSTRUOTIO

75 827 184 892 Quam
205 827 247 886 R.
263 826 303 886 P.
321 825 361 885 D.
387 817 589 904 Viccspereics
609 827 653 885 ad
677 842 727 886 eos
743 842 759 885 e
774 823 865 886 Claro
881 827 996 898 mittit,
1010 841 1042 892 ¹a

136 922 253 998 quidus
278 924 364 998 forte
385 921 579 996 acquiretur
602 921 825 979 iuramentum
848 918 1042 994 officialibus

136 1016 376 1092 praescriptam
389 1020 455 1073 ort.
473 1010 540 1070 367
554 1009 806 1073 constitutionis
820 1012 999 1073 Romanae.

77 1249 79 1256 -
137 1206 215 1266 Cum
230 1204 362 1266 maximi
376 1205 527 1265 momenti
542 1203 597 1277 sit,
614 1208 650 1263 ut
663 1205 774 1264 Olenus
785 1206 943 1265 Romanus
958 1203 1040 1263 idem

76 1299 200 1360 sentiat
219 1300 305 1360 circa
324 1299 536 1360 iuramentum
551 1298 687 1359 relatum
703 1298 734 1356 in
750 1297 885 1358 articulo
896 1298 957 1357 367
971 1315 1042 1358 con·

75 1397 259 1458 stitutionis
280 1402 438 1460 Romanae
460 1399 509 1458 his
530 1397 652 1457 verbis:
676 1399 782 1458 ‹luro
799 1397 903 1456 odium
918 1413 1043 1456 monar-

74 1506 96 1549 »
110 1491 197 1550 chiae
220 1493 254 1550 et
275 1491 460 1564 anarchiae;
484 1489 671 1550 fidelitatem
686 1496 719 1550 et
733 1489 949 1552 adhaesionem
965 1489 1042 1550 Rei-

75 1599 97 1643 a
111 1583 253 1660 publicae
282 1589 316 1644 et
343 1584 618 1656 constitutioni»
639 1585 719 1661 quod
747 1583 889 1646 nonnulli
918 1602 935 1641 e
955 1583 1040 1643 clero

78 1680 244 1754 praestare
272 1678 362 1740 modo
394 1677 645 1755 compellentur,
669 1676 758 1736 officii
787 1676 890 1736 nostri
916 1675 1040 1735 omnino

77 1788 147 1830 esee
168 1789 347 1846 censemue,
369 1771 533 1831 universos
554 1788 701 1844 monere,
724 1771 812 1830 nullo
833 1773 924 1847 pacto
945 1769 1041 1829 licere

73 1862 288 1927 iuramentum
310 1865 389 1926 illud
412 1883 489 1942 pure
510 1869 544 1926 et
564 1863 753 1941 simpliciter
774 1866 876 1924 edere.

136 1960 182 2019 At
201 1959 346 2036 quoniam
367 1958 502 2020 maxime
517 1959 663 2030 interest,
678 1961 871 2034 perspectam
886 1975 953 2016 esse
964 1957 1041 2018 Rei·

76 2053 222 2130 publicae
250 2053 473 2114 rectitudinem
505 2052 754 2130 principiorum,
783 2070 861 2129 quae
892 2049 1043 2111 doctrinis

1 2185 2 2188 =
77 2147 253 2207 catholicae
274 2146 438 2225 religionis
459 2148 583 2208 omnino
603 2144 778 2206 conformia
796 2144 967 2222 profitetur
980 2143 1044 2203 cle·

77 2257 134 2302 rus
154 2257 303 2302 romanus
324 2241 410 2302 circa
430 2240 614 2300 hodiernum
637 2238 826 2317 reipublicae
842 2237 1040 2317 gubernium3

77 2333 197 2393 idcirco
219 2335 428 2413 unnsquisque
450 2337 591 2394 vestrum
620 2333 739 2411 poterit
761 2336 832 2392 tuta
852 2329 1043 2392 conscientia

79 2426 268 2487 fidelitatem
289 2433 323 2488 et
343 2428 567 2489 subiectionem
589 2428 695 2487 iurare
715 2425 942 2504 Reipublicae,
963 2443 1042 2503 quae

56 2521 59 2526 ’
77 2523 168 2580 modo
188 2520 343 2599 imperat3
365 2540 436 2582 cum
456 2517 584 2582 concors
605 2521 751 2580 doctrina
771 2520 815 2580 sit
835 2521 892 2580 SS.
908 2521 1041 2580 Patrnm

75 2617 111 2673 et
131 2615 302 2688 Ecclesiae,
322 2615 372 2675 illi
395 2615 532 2676 debitam
546 2633 613 2674 esse
627 2614 814 2674 fidelitatem
829 2617 863 2674 et
877 2613 1043 2674 subiectio·

76 2725 148 2766 nem
170 2708 223 2786 qui
244 2726 302 2786 pro
324 2712 502 2786 temporum
525 2706 741 2766 vicissitudine
762 2705 956 2765 Gubernium
977 2722 1043 2764 mc·

76 2803 218 2877 deretur,
241 2801 291 2862 illi
312 2801 474 2877 videlicet,
497 2801 550 2879 qui
572 2803 644 2862 actu
666 2800 812 2877 imperat.

137 2898 311 2957 Praeterea
331 2895 378 2956 fas
404 2897 469 2957 erit
496 2896 661 2973 unicuique
692 2899 833 2954 vestrum
860 2894 986 2968 iurare,
1009 2911 1041 2954 se

79 2990 198 3050 nnllam
223 2994 346 3066 partem
370 2991 551 3050 habiturum
580 2989 612 3050 in
641 2988 781 3067 qualibet
802 2987 1041 3060 coniuratione,

78 3082 226 3154 coitione,
249 3082 301 3142 vel
323 3082 477 3144 seditione
499 3085 537 3143 ad
559 3082 796 3144 instaurandam
815 3080 1042 3153 monarchiam,

77 3177 110 3234 et
137 3179 249 3235 contra
276 3173 483 3252 imperantem
514 3174 761 3252 Rempublicam.
793 3173 918 3234 Poterit
947 3174 1044 3232 etiam

76 3269 193 3345 absque
213 3266 398 3328 difficultate
418 3268 526 3328 iurare
550 3267 654 3327 odium
676 3269 827 3328 adversus
848 3266 1041 3340 anarchiam,

77 3380 150 3422 cum
178 3363 254 3421 haec
281 3364 383 3422 statue
411 3361 453 3421 sit
480 3359 738 3439 perturbationis..
763 3362 902 3420 Tandem
923 3359 1045 3438 poterit

1 3461 2 3512 1
78 3454 186 3516 iurare
207 3454 396 3515 fidelitatem
418 3458 452 3514 et
465 3455 683 3514 adhaesionem
698 3453 937 3528 Constitutioni,
954 3452 1045 3512 salva

78 3553 184 3610 tamen
205 3548 363 3610 catholica
383 3547 535 3626 religione
556 3565 649 3624 quam
664 3547 844 3624 profitetur,
860 3545 982 3607 scilicet
995 3563 1045 3606 re-
