2582 4270
678 273 813 332 ..2-

311 376 432 443 'Nihilo
455 383 558 440 tamen
581 379 697 450 minus,
719 397 789 436 cum
811 381 916 436 rectus
941 379 1017 435 ordo
1031 377 1223 436 consentien-

181 484 182 488 ’
267 479 331 534 tem
354 476 460 550 poscat
488 472 623 548 suscepti
653 471 775 531 consilii
805 472 982 542 rationem,
1006 471 1152 530 voluntas
1176 469 1223 548 est

268 567 464 628 Sanctissimi
485 567 609 626 Domini
630 566 761 640 Nostri,
786 569 820 625 ut
841 585 918 642 quae
944 565 1069 642 singula
1089 565 1222 623 circum-

267 665 371 739 specte
393 663 512 738 agenda
533 665 626 732 sunt,
649 679 686 720 ea
714 661 745 718 in
769 677 859 719 unam
885 659 1115 736 coniungantur
1136 677 1225 734 gene-

267 756 367 816 ralem
390 773 551 828 normam3
574 755 605 812 in
627 772 687 830 qua
708 753 954 830 archiepiscopi,
978 757 1011 812 et
1035 753 1171 829 episcopi
1191 753 1223 811 in

268 869 323 910 sua
344 850 456 927 quique
478 848 623 920 dioecesi,
649 849 719 907 dein
745 850 906 926 regulares
921 867 1040 925 quoque
1061 851 1164 907 totum
1178 849 1221 920 id,

268 945 349 1020 quod
370 944 408 1002 ad
430 943 581 1000 curandos
602 943 640 1001 ab
660 941 793 1014 iisdem,
816 934 1028 1019 regendosque
1051 959 1146 1000 novos
1167 942 1224 999 ho·

268 1036 365 1113 spites
384 1034 534 1112 pertinet,
556 1035 931 1110 haberentpropositum.

327 1131 405 1190 Eum
420 1127 520 1204 igitur
540 1127 572 1186 in
594 1121 687 1186 finem‘
701 1128 827 1188 ordinat
841 1127 1063 1188 Sanctissimus
1077 1127 1224 1186 Dominus

268 1223 393 1282 Noster:

329 1315 358 1374 1.
373 1317 417 1376 Ut
437 1312 547 1389 quavis
568 1312 599 1371 in
623 1313 755 1374 dioecesi
776 1319 923 1376 accurata
947 1313 1151 1383 conficiatur,
1175 1315 1225 1372 at

267 1421 326 1486 que
346 1411 384 1468 ad
407 1409 463 1466 hoc
478 1407 649 1466 Secretarii
670 1411 772 1468 status
792 1409 983 1470 tabularium
1005 1407 1153 1466 mittatur
1174 1407 1225 1464 de·

266 1504 396 1581 scriptio
418 1505 554 1562 omnium
568 1504 848 1568 ecclesiasticorum
863 1505 985 1564 Galliae
1000 1504 1156 1572 exsulum,
1171 1501 1225 1577 qui

267 1597 300 1656 in
322 1615 359 1656 ea
380 1599 510 1673 degunt,
527 1599 590 1656 tam
610 1597 817 1658 saecularium
838 1615 928 1673 quam
951 1595 1156 1674 regularium,
1172 1613 1227 1653 ex·

266 1709 373 1768 presso
394 1691 590 1768 singulorum
609 1693 736 1768 proprio
752 1693 885 1764 nomine,
902 1691 1092 1768 cognomine,
1108 1689 1223 1766 patria,

268 1787 385 1858 aetate,
408 1782 607 1857 conditione,
629 1785 751 1844 adiecta
771 1802 828 1860 pro
848 1782 1069 1843 ecclesiasticis
1090 1781 1227 1841 saecula-

259 1877 354 1936 'ribus
374 1875 530 1949 dioecesi,
553 1879 591 1935 ad
613 1896 704 1954 quam
726 1877 758 1936 in
779 1877 892 1944 Galliis
913 1877 1094 1953 pertinent,
1118 1879 1151 1934 et
1173 1874 1225 1936 ubi

268 1971 412 2031 obierant
431 1970 641 2030 ministerium
663 1989 768 2030 suum:
792 1989 849 2048 pro
871 1969 1068 2048 regularibus
1089 1969 1226 2028 indicato

266 2064 429 2138 instituto,
445 2066 523 2140 quod
546 2065 676 2141 professi
699 2069 782 2138 sunt,
806 2065 979 2142 provincia,
995 2063 1045 2124 cui
1066 2068 1157 2124 erant
1171 2065 1225 2122 ad·

266 2158 401 2235 scripti,
423 2176 459 2218 ac
480 2157 628 2234 religiosa
649 2159 761 2232 domo,
777 2161 814 2218 de
836 2160 925 2218 cuius
946 2159 1067 2218 familia
1087 2157 1226 2216 exstite-

265 2257 359 2326 rant3
381 2255 418 2312 de
440 2253 583 2330 utrisque
612 2271 687 2313 vero
716 2253 914 2330 significetur
940 2256 1041 2328 locus,
1063 2257 1225 2316 monaste-

265 2345 362 2419 rium,
385 2350 441 2406 aut
461 2353 647 2419 conventus,
670 2347 701 2404 in
723 2365 783 2423 quo
805 2365 884 2406 nunc
904 2353 1092 2422 versantur,
1115 2367 1226 2408 secun-

265 2441 338 2499 dum
359 2439 490 2498 formam
511 2438 677 2516 encyclicis
699 2439 783 2498 hisce
805 2439 926 2500 litteris
946 2441 1150 2502 adiacentem.
1167 2444 1226 2502 Ea·

264 2532 333 2591 dem
348 2530 565 2608 descriptionis
577 2531 736 2592 occasione
746 2531 933 2592 conferenda
951 2537 1024 2592 sunt
1038 2534 1225 2594 documenta

263 2625 421 2702 cuiusque,
444 2627 477 2683 et
497 2623 625 2686 litterae
646 2628 847 2698 commeatus,
870 2626 1049 2702 quibuscum
1071 2627 1110 2686 ad
1132 2627 1225 2686 dioe-

261 2717 369 2789 cesim,
384 2715 416 2774 in
432 2735 492 2792 qua
503 2735 585 2798 nunc
606 2719 690 2790 sunt,
706 2736 889 2796 pervenere,
906 2719 938 2778 in
953 2721 1141 2782 cancellaria
1154 2721 1222 2798 epi-

264 2811 348 2888 scopi
370 2815 444 2871 sunt
465 2815 681 2874 asservandae.

323 2907 353 2966 2.
377 2908 419 2966 Ut
440 2924 544 2966 omnes
565 2908 766 2968 ecclesiastici
788 2913 854 2970 tam
875 2910 1049 2970 saeculares
1064 2928 1155 2986 quam
1171 2927 1224 2969 re-

167 3075 174 3090 ,
264 2997 401 3074 gulares,
417 2997 470 3074 qui
491 3014 530 3056 ex
545 2998 656 3059 Galliis
677 3001 886 3078 emigrarunt,
905 3003 1026 3078 quando
1047 3001 1224 3080 ingressuri

264 3095 337 3152 sunt
359 3090 566 3150 diversorium
594 3093 654 3154 sibi
678 3093 891 3172 assignatum,
915 3097 971 3154 aut
991 3114 1027 3154 eo
1048 3095 1110 3155 iam
1132 3113 1225 3154 occu-

262 3186 358 3258 pato,
381 3187 453 3259 post
479 3187 709 3264 promulgatam
737 3191 815 3257 hanc
838 3187 1026 3266 encyclicam
1055 3188 1224 3264 epistolam

263 3281 432 3336 teneantur
453 3279 543 3338 edere
565 3274 745 3340 consuetum
775 3281 983 3341 iuramentum
1011 3299 1080 3340 cum
1107 3281 1224 3358 profes-

264 3368 351 3428 sione
372 3369 445 3428 fidei
466 3372 557 3431 aPio
578 3375 622 3434 IV
636 3374 839 3450 praescripta,
855 3391 890 3433 ac
916 3379 1081 3448 praeterea
1102 3375 1221 3447 iurare,

263 3479 431 3539 manusque
453 3482 526 3524 suae
548 3465 774 3542 subscriptione
795 3466 982 3525 confirmare
995 3465 1223 3526 -formularium

261 3554 435 3616 Alexandri
451 3557 508 3618 VII
522 3557 582 3615 huc
603 3557 827 3635 transcriptum
846 3559 1077 3620 commoditatis
1102 3558 1219 3638 gratia:
