2606 4268
647 319 685 332 -
708 286 825 346 laa-

253 396 363 458 eitinm
384 395 536 456 ordinum
556 395 807 474 redintegretur,
822 413 899 475 quos
913 389 1034 473 recepit
1047 397 1224 471 antequam

254 489 441 549 intrusionis
462 488 593 549 crimine
614 508 648 549 se
669 491 822 552 foedaret.

315 585 369 644 IV.
384 580 581 660 'Advigilabis
596 587 732 657 attente,
748 603 808 660 quo
822 585 893 646 tuto
907 581 1091 660 cognoscere
1103 579 1221 658 possis,

255 694 328 736 nnm
349 676 531 737 Panissetns
552 681 728 752 exequatur
748 677 941 737 conditiones
965 675 1180 753 praescriptas
1201 691 1222 734 a

255 765 435 832 Sanctitate
463 770 527 830 Sua
554 768 586 828 in
614 769 774 846 praedicte
804 769 941 829 articulo
969 773 1220 844 memoratarum

254 863 507 942 Apostolicorum
528 859 738 925 Litterarum:
754 869 788 924 et
807 881 876 923 cum
899 870 934 924 tu
955 866 1114 940 procerte
1133 860 1222 922 affir-

254 957 365 1030 mabis,
388 957 617 1017 conditionibus
638 956 791 1034 praefatis
811 956 1006 1017 satisfactum
1020 956 1131 1030 fuisse,
1146 957 1219 1014 tum

253 1051 423 1112 facultates
451 1051 489 1112 ad
518 1051 620 1128 ipsum
649 1049 873 1111 absolvendum
902 1051 1092 1111 necessarias
1127 1049 1219 1108 dabit

255 1137 415 1205 Sanctitas
435 1145 499 1204 Sua
514 1145 667 1204 secerdoti
682 1145 725 1204 ud
739 1146 950 1221 arripiendae
969 1145 1117 1222 fidelium
1137 1161 1219 1203 con·

253 1241 407 1316 sessiones
421 1239 484 1300 rite
499 1241 642 1318 probato.

219 1329 226 1338 ”
278 1333 281 1340 ’
316 1333 354 1392 V.
378 1335 454 1394 Cum
476 1333 651 1410 ignoretur,
673 1331 857 1410 quibusnam
878 1333 1016 1409 praecise
1038 1318 1143 1392 verbis
1162 1348 1219 1390 ex·

254 1443 393 1502 pressum
415 1424 515 1486 fuerit
535 1426 747 1486 iuramentum
770 1443 788 1487 a
809 1419 972 1486 Panisseto
993 1425 1132 1498 editum,
1163 1443 1217 1483 ne·

253 1535 338 1577 cesse
359 1521 410 1577 est
431 1537 449 1578 a
471 1519 515 1576 Te
537 1517 625 1576 nobis
646 1517 709 1577 rite
724 1516 898 1594 significari
913 1517 1010 1594 ipsam
1024 1515 1216 1577 adamussim

254 1609 421 1671 formulam
449 1601 587 1670 eiusdem
615 1602 803 1684 iuramenti3
834 1614 870 1670 ut
897 1607 969 1670 hinc
997 1610 1094 1670 etiam
1116 1607 1219 1685 possit

254 1705 414 1765 Sanctitas
429 1704 493 1765 Sua
506 1721 703 1780 cognoscere,
718 1721 797 1778 qnae
811 1711 984 1780 opportune
995 1705 1033 1762 ad
1048 1719 1114 1762 rem
1131 1718 1219 1760 man-

254 1798 355 1856 danda
375 1800 481 1855 erunt.

315 1891 370 1949 VI.
398 1891 495 1950 Gures
515 1893 663 1966 oportet,
687 1895 723 1952 ut
743 1909 763 1950 e
783 1889 948 1951 Panisseto
969 1889 1215 1950 declarationem
1297 1885 1298 1888 ’

253 1983 413 2055 obtineas,
442 2001 503 2059 qua
531 1982 598 2060 ipse
620 1987 820 2060 protestetur
841 1983 989 2044 damnare
1010 2001 1042 2042 se
1064 1981 1215 2058 quidquid

252 2075 329 2137 mali
351 2077 451 2136 estin
473 2077 619 2153 operibus
639 2078 679 2138 ab
700 2077 767 2155 ipso
788 2077 903 2151 editis,
926 2081 959 2136 et
979 2075 1158 2144 consentire
1181 2076 1215 2134 in

253 2171 396 2231 omnibus
417 2173 450 2230 et
470 2188 527 2246 per
549 2172 654 2232 omnia
674 2171 797 2230 iudiciis
825 2171 1024 2248 Apostolicae
1051 2169 1161 2242 Sedis,
1183 2175 1218 2228 et

252 2264 440 2341 praesertim
462 2265 742 2324 constitutionibus
762 2264 857 2325 editis
870 2269 981 2324 contra
993 2281 1118 2324 errores
1129 2263 1214 2338 Baii,

252 2357 388 2418 Iansenii
409 2363 443 2418 et
463 2351 636 2424 Quesnelli.
945 2407 952 2418 .

312 2452 395 2510 Haec
416 2449 488 2509 Tibi
510 2450 687 2528 significata
707 2456 780 2512 suut
801 2453 837 2512 de
856 2454 1003 2514 mandato
1018 2449 1215 2512 sanctissimi

252 2543 376 2604 Domini
405 2545 536 2618 Nostri,
565 2546 617 2622 qni
646 2541 840 2623 perspectam
855 2548 984 2608 babens
1016 2544 1215 2623 prudentiam

252 2637 363 2708 Tuam,
387 2640 420 2697 et
442 2655 570 2698 noscens
590 2639 715 2699 aliunde
737 2657 888 2700 summam
909 2641 1055 2700 fiduciam
1071 2655 1166 2715 quam
1181 2637 1212 2696 in

252 2729 296 2789 Te
318 2731 414 2791 habet
427 2726 621 2805 Panissetus,
637 2733 805 2793 maximam
820 2750 904 2809 spem
921 2732 1026 2803 habet,
1043 2734 1075 2790 te
1088 2732 1125 2790 ad
1142 2723 1216 2808 per·

250 2822 365 2882 iectam
387 2824 505 2884 intrusi
524 2825 757 2884 conversionem
780 2824 871 2884 valde
893 2823 1105 2902 profuturum,
1122 2841 1160 2884 ea
1180 2824 1212 2882 in

252 2911 389 2976 animum
404 2917 492 2977 illius
507 2923 679 2996 opportune
699 2919 872 2977 inducendo
886 2918 1009 2995 quaein
1025 2935 1119 2994 supra
1132 2917 1215 2978 rela-

251 3009 294 3068 tis
308 3009 607 3086 praescriptionibus
621 3009 871 3086 tibi·significate
885 3015 970 3082 sunt,
986 3004 1146 3085 eidemque
1161 3010 1215 3069 de·
1295 3055 1296 3066 ,

251 3098 618 3178 monstrando‚quentum
630 3105 736 3162 rectae
748 3103 866 3162 rationi
877 3101 1122 3162 conformissint
1134 3119 1212 3177 quae

251 3185 290 3255 ab
311 3195 378 3270 ipso
395 3194 614 3270 exquirantur,
630 3199 797 3274 antequam
810 3197 1017 3258 absolutionis
1030 3195 1214 3255 beneficium
1295 3193 1296 3218 ³

250 3286 393 3346 obtinere
414 3287 520 3363 possit.

311 3380 382 3439 Tibi
397 3379 503 3457 itaque
519 3372 631 3458 tuoque
645 3381 713 3442 zelo
728 3382 806 3442 illud
825 3381 991 3454 incumbit,
1008 3383 1045 3440 ut
1065 3380 1211 3440 Panisse·

251 3477 317 3562 tum
339 3477 468 3534 edoceas
488 3475 562 3551 quid
584 3473 625 3536 de
641 3477 707 3554 ipso
728 3477 846 3538 sentiat
865 3479 1000 3556 quidque
1015 3475 1213 3553 praeceperit

251 3564 411 3628 sanctitas
439 3569 521 3642 Sua,
543 3570 597 3646 qui
618 3569 711 3629 iustis
727 3565 887 3647 permotus
908 3571 1010 3630 causis
1028 3569 1130 3629 eidem
1151 3587 1212 3628 non
