2632 4262
667 241 845 300 -318-

333 349 462 412 Hostias
483 352 677 408 consecratas
695 366 767 408 num
794 366 977 409 consumere
1002 347 1102 426 possit
1126 349 1247 408 Sacer-

275 449 329 508 dos
350 463 410 504 uon
433 443 568 516 ieiunus,
591 461 630 501 ne
651 443 683 502 in
707 459 816 503 manus
837 442 1032 502 intrusorum
1053 442 1243 500 deveniant.

273 541 315 600 11.
331 539 382 600 80.
396 536 502 604 -Quid
518 537 674 612 agendum
696 537 734 595 de
755 535 875 595 Hostiis
896 555 915 596 a
936 535 1135 595 schismatico
1166 537 1248 594 Pre-

279 633 409 710 sbptero
430 629 630 690 consecratis.
651 632 691 690 Il.
712 629 764 702 67,
789 629 857 702 101,
876 630 944 690 128.
959 629 1067 695 -Quid
1082 629 1111 687 si
1128 629 1247 688 timen-
1302 669 1303 704 ss

274 727 361 798 dum,
377 744 415 784 ne
437 741 556 783 veneno
572 722 708 782 infectae
723 722 853 782 fuerint.
873 723 941 784 101.
954 725 1062 784 -Num
1076 722 1179 784 liceat
1195 741 1249 799 ge·
1302 729 1303 804 1

274 837 337 880 nua
357 819 483 878 flectere
505 835 609 878 coram
623 817 745 878 Hostiis
766 817 957 876 consecratis
972 817 1010 877 ab
1025 817 1176 876 Intrusis.
1191 817 1243 875 87.

748 969 767 1026 Ι

333 1100 550 1178 Indulgentias
569 1118 588 1160 a
609 1100 745 1160 Summis
770 1098 976 1158 Pontificibus
1005 1117 1167 1159 concessas
1195 1118 1246 1159 re·

275 1196 424 1268 novandi,
447 1194 638 1272 prorogandi
664 1197 697 1254 et
722 1193 950 1266 transferendi,
977 1193 1053 1253 item
1080 1197 1114 1254 et
1139 1194 1246 1253 indul-

273 1291 414 1369 gentiam
435 1289 609 1366 plenariam
630 1287 662 1345 in
684 1287 819 1347 articulo
841 1287 953 1346 mortis
974 1287 1182 1364 impertiendi
1199 1289 1245 1348 fa·

273 1385 376 1444 cultas
392 1381 589 1443 antistitibus
610 1390 643 1442 et
663 1380 849 1440 dioecesium
868 1379 1181 1442 administratoribus
1195 1382 1245 1440 in-

275 1477 376 1537 dulta.
392 1479 418 1535 Ι.
434 1474 496 1536 289
509 1478 543 1534 et
556 1489 619 1550 seq.
632 1505 647 1518 ·
660 1473 879 1550 Indulgentiae
903 1490 1067 1534 concessae
1093 1475 1242 1534 fidelibus

274 1567 423 1628 dioecesis
442 1566 685 1629 Nemausiensis.
703 1568 743 1626 Il.
759 1567 790 1626 9.
804 1597 824 1610 -
835 1565 926 1626 Aliae
943 1567 982 1625 ob
996 1567 1154 1626 Gallicam
1173 1585 1242 1644 per·

279 1661 472 1726 secutionem
488 1679 569 1720 anno
586 1661 674 1720 1794.
691 1660 844 1726 71.-Qua
861 1660 984 1720 ratione
1000 1661 1162 1738 provisum
1178 1661 1245 1720 fue-

276 1755 333 1828 rit,
358 1758 393 1814 ut
414 1754 633 1814 deficientibus
654 1753 862 1815 confessariis
877 1754 928 1813 vel
942 1755 1104 1827 Ecclesiis‚
1120 1757 1242 1832 acquiri

278 1850 415 1926 possent.
439 1849 490 1908 89.
507 1847 755 1925 -Indulgentiae
784 1867 947 1908 concessae
975 1849 1164 1909 habentibus
1188 1851 1241 1910 vel

274 1941 486 2002 retinentibus
507 1957 654 2011 coronas,
677 1941 819 2015 rosaria,
842 1959 950 2002 cruces
972 1945 1033 2003 eto.
1056 1944 1239 2020 Apostolica

271 2035 465 2112 auctoritate
487 2034 678 2094 benedictas.
696 2034 765 2094 145.

328 2127 453 2188 intrusi
474 2127 618 2205 Episcopi
647 2129 799 2206 sacrilege
827 2129 1013 2190 consecrati.
1031 2132 1055 2190 Ι.
1075 2129 1144 2190 155.
1161 2133 1236 2191 -Ab

269 2221 428 2281 exercitio
444 2221 629 2298 episcopalis
644 2221 763 2280 ordinis
785 2223 937 2298 suspensi.
954 2223 979 2282 I.
996 2222 1064 2282 158.
1078 2223 1235 2285 ·Nomine

270 2313 512 2374 constitutionis
537 2314 721 2392 episcopalis
746 2314 944 2390 gloriantur3
968 2316 1024 2373 hoc
1050 2315 1118 2392 ipso
1146 2335 1235 2394 agno·

272 2410 362 2466 scunt
384 2424 416 2466 se
437 2425 498 2466 non
521 2424 587 2466 esse
601 2407 772 2468 catholicos
785 2407 962 2485 Episcopus.
977 2411 1002 2469 I.
1015 2410 1235 2470 272.-Iactant

273 2500 384 2559 falsam
400 2517 469 2558 oum
484 2499 624 2560 Ecclesia
638 2503 671 2560 et
685 2502 763 2562 Sede
778 2503 963 2579 Apostolica
980 2505 1231 2566 communionem.

272 2593 350 2653 Ibid.
366 2593 616 2655 -Schismaticae
645 2613 751 2655 eorum
781 2597 995 2658 nunciatoriae
1024 2599 1177 2674 epistolae
1204 2605 1233 2659 et

275 2687 1230 2767 cohortationesadprecesprosaluteSummiPontifioislbid.

137 2829 142 2838 .
269 2783 306 2858 et
316 2781 342 2840 Ι.
356 2781 395 2840 40
410 2784 443 2842 et
454 2784 578 2858 seq.-Iu
594 2783 642 2842 his
657 2787 834 2844 ceterorum
848 2785 1087 2846 Haeretioorum
1103 2791 1137 2846 et
1151 2787 1231 2847 Schi-

274 2875 476 2936 smatieorum
498 2877 686 2937 imitatores.
713 2876 792 2938 Ibid.
808 2910 825 2922 -
843 2879 1082 2940 Schismaticum
1107 2881 1230 2941 illorum

268 2986 360 3044 opus:
375 2970 509 3043 Accord,
527 2975 587 3031 etc.
599 2974 621 3031 I.
636 2972 695 3032 273
708 2975 742 3031 et
753 2990 816 3050 seq.
826 3004 840 3018 -
850 2975 894 3032 De
909 2993 1016 3034 eorum
1039 2975 1228 3036 absolutione

272 3061 340 3119 fuse
352 3063 884 3138 agitur.315.·Huiusconcedendae
896 3068 1029 3128 facultas
1042 3069 1227 3128 soliSummo

271 3153 420 3213 Pontifici
446 3161 620 3218 reservata.
638 3160 662 3218 I.
680 3160 750 3220 321.
774 3191 788 3204 -
802 3161 989 3221 Conceditur
1016 3162 1177 3239 Episcopis
1200 3167 1245 3221 et*

266 3245 449 3304 ‘Ordinariis
471 3249 666 3322 Galliarum,
689 3256 722 3311 et
743 3254 852 3315 modus
878 3255 1117 3329 praescribitur.
1134 3257 1201 3316 321.
1214 3287 1228 3298 -

266 3339 351 3404 -Quid
373 3343 525 3416 agendum
549 3347 585 3403 ut
606 3345 795 3405 retractatio
816 3347 942 3422 publica
964 3349 1016 3408 sit.
1030 3349 1130 3408 -259.
1153 3351 1227 3408 -ln·

272 3437 361 3492 truso
382 3435 663 3513 pseudo-Episcopo
678 3439 750 3514 quid
767 3443 933 3517 agendum,
950 3448 987 3503 ut
1001 3443 1134 3519 petitam
1149 3441 1228 3502 abso·
1302 3433 1303 3436 '

267 3526 426 3588 tutionem
449 3529 593 3608 consequi
614 3531 725 3607 possit.
743 3534 783 3593 II.
802 3533 870 3594 117.
