2624 4260
659 213 837 272 -186-

268 319 440 391 deleverit,
463 321 496 380 et
517 337 536 378 a
557 319 638 379 mari
664 337 761 396 usque
788 320 826 380 ad
855 336 942 378 mare
971 317 1079 380 Crucis
1100 316 1241 393 gloriam

268 413 386 472 victrix
407 415 603 490 propagarit,
619 417 802 491 eosdemque
823 413 999 490 Religionis
1021 413 1116 484 fines,
1132 429 1169 470 ac
1185 428 1244 468 or-

268 505 316 564 bis
325 509 483 590 terrarum
511 509 635 568 fecerit.
663 509 756 569 Fides
780 508 951 580 Ecclesiae,
973 505 1099 583 scripsit
1114 507 1146 564 S.
1161 507 1244 563 Am-

268 601 411 674 brosius,
434 620 532 678 neque
554 602 586 660 in
609 603 713 679 gladio
741 601 900 661 suaseras
927 601 1051 676 expulit
1072 599 1240 668 nationes,

269 712 367 770 neque
390 695 561 754 certamine
583 695 696 754 bellico
720 699 842 754 turmas
862 693 988 770 fugavit
1016 693 1157 762 hostiles,
1183 693 1240 750 sed

270 789 509 848 mansuetudine
526 791 559 847 et
574 789 633 846 fide
649 790 754 848 terras
769 787 967 846 inimicorum
980 786 1127 862 possedit.
1140 785 1242 844 Fides

270 881 350 940 enim
374 881 441 940 sola
462 881 637 957 pugnavit3
654 881 722 940 ideo
743 881 921 957 triumphos
936 880 1064 951 meruit,
1078 879 1152 954 quia
1167 895 1242 954 per-

270 973 506 1050 sequutionibus
528 992 587 1032 non
609 973 751 1032 vincitur
768 973 909 1032 Ecclesia
932 974 983 1031 sed
1005 977 1150 1047 augetur.

330 1069 413 1132 Quae
434 1066 544 1142 primis
567 1067 758 1142 temporibus
774 1069 811 1126 ad
826 1067 998 1126 Ecclesiam
1014 1065 1238 1140 auspicandam

270 1179 305 1222 ac
327 1161 559 1236 propagandam
580 1159 664 1218 facta
693 1162 785 1230 sunt,
809 1160 912 1217 eadem
936 1158 1095 1234 adipsum
1122 1175 1239 1217 ornan-

270 1257 340 1314 dam
362 1257 455 1330 atque
477 1251 728 1328 amplificandam
751 1251 1014 1328 consequentibus
1033 1250 1161 1309 subinde
1183 1269 1241 1310 an-

269 1349 319 1407 nis
340 1347 429 1407 scitis
451 1347 611 1406 accidisse.
635 1347 721 1408 Nota
741 1347 883 1405 omnibus
905 1351 979 1404 sunt
1000 1345 1155 1422 sacrilega
1178 1345 1240 1404 illa

269 1445 381 1502 contra
401 1441 572 1500 Ecclesiam
595 1439 679 1500 bella
700 1441 944 1514 haereticorum,
961 1446 1055 1502 notae
1076 1439 1240 1500 execrabi-

269 1537 316 1596 les
338 1535 562 1605 immanitates,
585 1537 660 1592 nota
681 1535 763 1606 odia,
779 1533 976 1612 impetusque
998 1535 1049 1594 illi
1071 1534 1240 1608 acerrimi,

270 1631 382 1708 quibus
403 1631 469 1689 eius
491 1629 644 1688 unitatem
667 1629 851 1702 dissolvere,
868 1631 1087 1708 integritatem
1102 1631 1239 1702 violare,

270 1725 468 1784 maiestatem
484 1724 625 1782 minuere
637 1723 830 1783 acerbissimi
845 1724 895 1784 illi
911 1727 1017 1784 hostes
1031 1725 1136 1783 conati
1148 1710 1240 1796 sunt',

270 1837 289 1876 a
310 1817 421 1893 quibus
450 1816 608 1894 profecto,
632 1816 658 1875 si
681 1817 755 1876 ullis
784 1819 963 1890 hominum,
986 1821 1042 1878 aut
1063 1817 1240 1876 inferorum

272 1911 362 1981 dolis,
379 1929 414 1969 ac
430 1910 550 1969 viribus
564 1910 706 1969 Ecclesia
723 1916 827 1986 posset
847 1911 999 1981 exscindi,
1017 1911 1121 1970 omnia
1136 1911 1242 1969 exitia

271 2003 301 2064 ci
323 2003 456 2062 luissent
476 2004 655 2061 metuenda.
678 2005 723 2066 At
744 2021 820 2062 vero
842 2009 1031 2080 quartanam
1054 2007 1146 2079 parte
1169 2022 1242 2062 suo-

272 2115 341 2156 rum
364 2102 616 2157 ornamentorum
639 2113 720 2154 nunc
740 2100 866 2156 careret
886 2097 1035 2169 Ecclesia,
1059 2097 1086 2155 si
1109 2097 1168 2156 illa
1191 2103 1241 2156 te·
1305 2111 1306 2172 l

273 2191 405 2250 terrima
431 2189 530 2264 bella,
559 2189 635 2250 illae
663 2189 836 2250 acerrimae
866 2191 1085 2250 contentiones
1108 2194 1145 2250 ad
1169 2208 1263 2250 eam¹
1305 2193 1306 2198 ’

273 2283 509 2342 convellendam
524 2302 583 2341 non
599 2283 814 2342 exstitissent?
828 2286 915 2342 Tunc
929 2285 1024 2344 etiam
1039 2285 1138 2356 ferro,
1151 2287 1242 2344 fiam·
1305 2337 1306 2364 ,

271 2395 332 2448 ma,
355 2376 502 2448 vinculis,
525 2377 654 2452 rapinis,
678 2377 968 2454 proscriptionibus,
984 2378 1145 2454 suppliciis
1167 2397 1240 2436 cnm

271 2472 303 2528 in
325 2468 498 2528 catholicos
521 2470 695 2543 universos,
718 2475 784 2530 tum
807 2472 973 2547 praecipue
994 2476 1106 2530 contra
1132 2489 1241 2530 sacer-

273 2564 392 2626 dotium
414 2563 567 2622 saevitum
592 2571 650 2623 est.
668 2565 746 2630 Quid
765 2567 844 2624 turni
858 2566 938 2631 Quid
954 2566 1104 2641 prolicere
1126 2570 1241 2624 contra

271 2655 444 2716 Ecclesiam
472 2655 598 2731 eiusque
627 2657 802 2716 doctrinam
829 2657 1021 2716 acerbissimi
1050 2659 1157 2716 hostes
1187 2677 1242 2734 po-
1305 2675 1306 2682 ¹

272 2750 376 2810 tuerel
392 2750 548 2814 Quantum
571 2751 662 2809 decus
683 2767 723 2808 ex
745 2751 1027 2810 tot-confessorum
1047 2753 1242 2812 constantia?

272 2846 396 2912 Quanta
417 2845 474 2904 lux
495 2862 534 2904 ex
556 2847 605 2904 tot
626 2847 786 2904 doctorum
808 2845 963 2921 sapientia
984 2845 1117 2905 accessit
1133 2848 1244 2906 Eccle-

273 2939 365 3014 siael,
383 2940 486 2998 Tanta
511 2939 677 3010 nimirum,
701 2941 819 3014 quanta
847 2956 1013 3014 numquam
1042 2939 1241 3011 accessisset,

273 3031 333 3090 nisi
361 3032 577 3090 contentiones
605 3032 680 3090 illae
702 3034 740 3090 ad
762 3049 828 3090 eam
852 3032 1076 3091 obscurandam
1105 3032 1243 3092 luissent
1305 3079 1306 3082 η

273 3125 440 3183 excitatae.
454 3125 671 3200 «Pugnarunt
685 3129 795 3184 contra
805 3126 977 3187 Ecclesiam
989 3125 1144 3184 haeretici
1157 3125 1244 3204 (rer-

272 3217 312 3274 ba
335 3215 464 3274 noscitis
485 3218 517 3276 S.
535 3217 735 3296 Augustini),
759 3223 792 3278 et
812 3219 982 3280 Ecclesiam
1004 3219 1243 3296 quaestionibus

273 3310 490 3386 agitaverunt.
514 3311 558 3369 At
580 3318 690 3386 aperta
711 3317 785 3371 sunt
807 3331 884 3388 quae
905 3313 1066 3383 latebant,
1089 3317 1123 3372 et
1143 3313 1244 3373 intel-

273 3407 357 3465 lecta
377 3409 426 3465 est
447 3406 595 3466 voluntas
616 3409 683 3467 Dei.
703 3409 799 3467 Multi
821 3409 874 3485 qui
894 3413 1042 3484 poterant
1057 3410 1244 3487 Scripturas

274 3502 480 3578 dignoscere,
506 3507 539 3561 et
562 3506 776 3579 pertractare,
801 3505 944 3564 latebant
965 3505 998 3563 in
1020 3505 1157 3581 populo,
1187 3523 1244 3565 nec
