2606 4268
459 227 638 286 ..129-

51 335 211 408 licentia,
241 336 396 396 celebrari
426 355 487 397 non
510 335 652 414 potuerit
682 336 914 396 matrimonium
937 338 1028 399 iaxta

52 431 195 490 formam
217 447 236 488 a
256 431 445 491 'l'ridentina
466 433 593 508 Synodo
615 431 860 506 praescriptam,
887 431 967 492 nihil
989 451 1026 492 eo

51 523 89 582 in
108 541 189 584 casu
211 524 316 584 obstat
330 524 492 584 validitati
509 523 716 595 matrimonii,
732 525 813 600 quod
832 523 931 584 fuerit
945 525 1024 586 illud

52 633 165 675 coram
180 605 325 690 intruso,
348 619 514 677 dnmmodo
536 632 642 675 coram
664 617 783 676 duobus
799 618 931 678 testibus
947 619 1027 679 cele·

52 711 199 770 bratum.
375 696 381 710 '
861 697 863 709 ’

116 803 242 881 Pagina
261 803 339 862 item
361 804 498 876 decima,
512 808 673 880 postquam
696 805 875 864 stabilitum
898 810 958 878 est,
980 805 1023 864 ad

52 883 192 955 formam
219 895 331 956 Brevis
359 896 471 956 Nostri
500 897 549 956 die
572 897 609 955 13
630 897 750 972 Aprilis
769 897 844 958 1791
861 897 940 971 dati,
958 899 1025 957 im·

53 990 145 1066 pium
173 994 208 1050 et
236 990 430 1050 haereticum
459 1009 525 1049 esse
551 989 767 1049 iusiurandum
796 992 955 1065 Civioum,
988 1011 1026 1052 ac

54 1083 177 1143 idcirco
192 1085 337 1161 graviter
351 1083 425 1142 illos
441 1101 568 1160 peccare
580 1085 633 1160 qui
645 1083 724 1143 illud
738 1090 904 1162 praestant
923 1085 1026 1146 scien·

53 1187 118 1250 tes,
142 1182 200 1238 aut
219 1195 258 1236 ex
280 1179 461 1255 ignorantia
476 1178 621 1254 graviter
635 1179 784 1254 culpabili
802 1191 861 1238 non
877 1180 1026 1252 scientes,

53 1271 326 1331 Constitutionem
355 1271 517 1332 doctrinae
546 1269 636 1330 Fidei
658 1278 692 1330 et
718 1271 875 1332 Ecclesiae
903 1272 1026 1332 iuribus

54 1365 224 1424 adversari
245 1369 307 1424 etc.
332 1364 470 1423 sublicis:
488 1363 648 1426 «Nullius
669 1369 774 1424 autern
798 1366 848 1425 vel
871 1384 931 1424 non
953 1383 1027 1442 gra-

55 1458 142 1516 ›vis
163 1459 273 1518 delicti
294 1459 342 1518 rei
363 1462 490 1517 suut...
521 1476 597 1534 quos
619 1462 773 1518 excusant
792 1460 973 1536 ignorantia
993 1461 1028 1518 et

54 1551 174 1611 »bona
195 1552 282 1623 ildes,
305 1553 388 1611 dum.
400 1551 461 1610 sibi
477 1551 561 1611 forte
576 1555 766 1628 persuadent
780 1572 799 1614 a
813 1571 845 1612 se
861 1571 920 1612 non
940 1551 1026 1626 erigi
1102 1609 1105 1616 ⁴

54 1645 317 1717 »iuramentum
342 1645 400 1724 nisi
422 1648 519 1720 quoad
542 1663 593 1704 res
615 1655 700 1705 mere
722 1646 847 1719 civileS,
870 1651 926 1706 aut
952 1663 1028 1722 pro·

55 1742 165 1816 »pter
187 1756 284 1816 grave
307 1741 452 1800 damnum
475 1755 638 1814 emergens
659 1739 726 1798 sive
748 1740 871 1798 lucrum
886 1755 1024 1810 cessans,

55 1833 158 1891 »sive
180 1831 306 1892 licitum
328 1850 395 1891 esse
416 1832 580 1901 simulare,
603 1832 654 1890 vel
677 1833 716 1891 ob
731 1832 851 1891 similes
870 1850 978 1892 causas
994 1851 1027 1892 se

54 1949 74 1990 a
89 1947 179 2007 posse
201 1928 267 1987 sine
290 1931 415 2008 peccato
437 1929 564 1987 interna
586 1928 788 1988 restrictione
811 1928 887 2000 uti,¹
905 1931 1019 2006 absque

54 2023 158 2082 »ulla
179 2025 283 2081 tamen
305 2021 428 2081 adiecta
449 2022 626 2080 iuramento
648 2022 896 2082 restrictione.»

116 2117 151 2174 In
175 2110 232 2172 hoc
254 2115 423 2172 verborum
443 2118 594 2172 contextu
621 2114 713 2190 plura
739 2115 1021 2176 animadvertenda

55 2212 143 2280 suut,
166 2225 244 2284 quae
266 2208 367 2267 multo
390 2208 618 2285 expressiorem
646 2207 813 2283 requirunt
834 2208 1022 2284 explicatio-

53 2319 137 2361 nem.
162 2303 207 2359 Ac
229 2300 329 2375 primo
356 2319 426 2359 cum
449 2304 564 2377 agatur
586 2301 622 2357 de
643 2299 859 2373 iureiurando,
876 2319 936 2377 quo
951 2301 1020 2378 quis

52 2395 268 2471 obstringitur
281 2397 319 2454 ad
337 2397 564 2455 observandam
578 2395 845 2456 Constitutionem
863 2395 895 2454 in
910 2397 1021 2456 multis

53 2494 118 2550 suis
146 2490 284 2548 decretis
315 2491 530 2560 haereticam,
553 2491 590 2548 ut
617 2508 685 2549 eam
712 2508 778 2549 esse
804 2491 1020 2568 Apostolicum

53 2585 157 2642 Breve
178 2583 331 2656 declarat,
345 2583 381 2640 ac
396 2583 427 2640 in
444 2582 601 2658 aliquibus
622 2583 853 2643 schismaticam
868 2591 929 2643 etc.
947 2601 1025 2641 con-

53 2676 255 2736 stitutionem
278 2676 428 2736 videlicet
449 2694 509 2734 non
532 2675 595 2734 alio
610 2677 742 2736 consilio
758 2676 970 2754 excogitatam
987 2695 1027 2739 ac

53 2771 232 2848 vulgatam,
255 2786 346 2845 quarn
369 2774 405 2827 ut
426 2769 584 2827 catholica
605 2787 733 2844 prorsus
755 2772 921 2831 aboleatur
942 2770 1021 2828 reli-

53 2865 104 2941 gio
126 2863 229 2940 (quod
252 2861 349 2920 etiam
377 2879 417 2920 ex
443 2861 510 2937 ipsa
538 2861 626 2920 illius
652 2861 789 2922 lectione
817 2863 1019 2923 manifestum

52 2958 140 3033 est),
164 2954 295 3012 minime
322 2953 446 3030 quidem
473 2953 637 3030 quisquam
666 2958 773 3030 potest
798 2956 850 3014 vel
872 2973 911 3014 ex
933 2954 1021 3032 igno-

53 3053 161 3110 rantia
182 3049 235 3108 vel
257 3049 353 3109 etiam
381 3067 421 3108 ex
449 3049 530 3106 bona
557 3049 616 3106 fide
642 3049 723 3126 (nisi
745 3049 777 3107 in
799 3049 905 3126 aliquo
926 3067 1020 3126 pecu·-
1071 3061 1074 3066 '

51 3144 126 3204 liari
149 3145 243 3220 casu)
265 3141 467 3219 persuaderi,
490 3161 509 3200 a
529 3159 561 3200 se
583 3159 641 3200 non
669 3142 755 3219 exigi
779 3143 1015 3215 iusiurandum,

54 3238 112 3297 nisi
136 3239 175 3296 ob
197 3255 248 3296 res
271 3237 394 3308 civiles,
415 3241 509 3310 atque
531 3235 601 3294 ideo
622 3237 733 3310 illum,
759 3237 811 3313 qui
837 3237 944 3296 eodem
967 3237 1018 3295 ob-

53 3332 240 3408 stringitur,
256 3350 275 3390 a
289 3332 381 3407 culpa
412 3329 571 3401 excusari3
586 3331 748 3406 multoque
764 3331 866 3412 minus
881 3332 919 3390 ob
934 3347 1029 3408 grane

54 3431 199 3490 damnum
222 3447 385 3506 emergens
406 3433 461 3488 aut
482 3426 606 3498 luorum
624 3446 748 3488 cessans
769 3446 859 3504 posse
880 3429 1015 3505 aliquem

53 3521 83 3579 in
104 3521 248 3582 animum
270 3521 353 3582 serio
368 3521 515 3580 inducere
531 3519 652 3580 licitam
669 3520 726 3579 sibi
749 3538 816 3580 esse
841 3522 1029 3580 simulatio·

147 3643 207 3694 roz.
227 3643 271 3694 ιι.
338 3625 340 3629 ’
906 3646 921 3690 o
