2582 4270
54 442 159 503 auimo
170 444 304 505 Nostros
326 441 608 504 commendationes
630 443 663 502 et
676 442 796 516 laudes,
812 461 890 522 quae
904 463 940 504 eo
956 462 1023 506 ma·

52 537 139 596 xime
153 540 309 614 spectant,
323 538 359 595 ut
377 539 413 595 tu
424 535 526 613 magis
540 537 700 614 magisque
712 537 863 598 exciteris
876 539 914 598 ad
930 542 1021 598 tuen-

52 632 125 690 dam
139 648 265 691 causam
279 630 498 702 humanitatis,
518 630 637 707 tibique
657 634 823 707 praeterea
837 649 1020 708 persuasum

52 725 181 798 habeas,
192 726 328 786 Nostrae
350 725 381 782 in
396 725 530 800 Magnae
543 721 710 785 Bitanniae
725 743 832 802 regem
847 725 1019 802 illustrem,

52 823 86 878 et
108 819 141 877 in
162 818 318 896 inclytam
341 818 499 878 nationem
520 818 750 878 existimationi
772 819 889 880 obtem
905 821 1022 884 eximia

51 911 263 972 liberalitatis
295 898 482 989 argumenta
510 928 652 989 magnam
676 910 791 972 tactam
813 913 1020 976 accessionem

51 1006 161 1079 luisse,
183 1003 287 1066 veluti
307 1005 421 1066 melius
442 1022 546 1064 coram
569 1004 744 1064 declarabit
758 1006 804 1080 is,
819 1008 873 1084 qui
888 1007 948 1068 tibi
963 1009 1019 1069 hoa

49 1101 187 1160 Nostros
207 1100 335 1159 litteras
359 1099 487 1171 reddet3
504 1097 616 1175 quique
638 1097 754 1170 Nobis,
776 1102 810 1159 et
830 1101 1020 1176 apostolicae

53 1192 127 1252 Sodi
148 1192 292 1253 addictus
310 1195 372 1264 est,
397 1195 430 1251 et
451 1209 646 1251 communem
667 1196 771 1252 tecum
793 1193 951 1254 nationem
967 1197 1021 1256 ha-

53 1286 128 1345 bere
142 1287 367 1364 quodammodo
384 1285 551 1364 gloriatur.
565 1285 697 1346 Interim
710 1286 769 1346 tibi
783 1305 802 1347 a
814 1288 878 1348 Deo
892 1289 1019 1367 Optimo

51 1381 191 1440 Maximo
213 1380 292 1439 bona
314 1379 417 1438 omnia
437 1396 477 1439 ex
498 1379 601 1438 animo
621 1381 838 1455 adprecamur.

114 1477 231 1536 Datum
254 1477 389 1545 Romae,
413 1473 462 1532 die
487 1473 547 1532 VII
572 1472 768 1549 Septembris
789 1473 1018 1550 MDOOXOIH,

56 1566 268 1627 Pontificatus
288 1565 399 1629 Nostri
421 1583 500 1625 anno
521 1566 609 1626 XIX.

488 1772 584 1829 ΧΠ.
631 1801 634 1806 ·

436 1896 540 1940 noamr
564 1897 639 1941 vino

346 2043 542 2103 monnau
564 2043 728 2103 sooner

270 2219 304 2294 P
323 2218 339 2294 Ι
358 2218 398 2298 U
416 2218 442 2296 S
494 2217 527 2294 P
546 2218 581 2294 Α
600 2219 634 2295 Ρ
653 2217 687 2294 Α
737 2219 804 2296 VI.

330 2409 469 2468 Nobilis
489 2409 565 2480 Vir,
588 2409 753 2469 lalutem.

114 2596 177 2660 Ubi
207 2595 339 2656 dilectus
367 2595 453 2657 filius
481 2595 612 2658 Oarolus
644 2596 779 2658 Erskine
807 2597 935 2658 ineunte
964 2615 1022 2658 an-

52 2711 94 2753 no
120 2693 212 2766 1792,
232 2691 370 2752 reddidit
382 2691 480 2754 Nobis
502 2694 572 2752 tuas
587 2691 727 2766 litteras,
742 2692 852 2768 quibus
867 2689 1020 2752 nobilium

53 2790 88 2847 et
107 2785 310 2864 egregiorum
331 2784 473 2846 virorum
495 2785 629 2859 nomine,
646 2785 700 2862 qui
714 2786 820 2844 Museo
834 2783 1018 2844 Britannico

53 2883 221 2959 praesunt,
240 2878 320 2938 dono
341 2877 455 2938 misisti
477 2879 537 2938 duo
559 2878 743 2944 volumina,
767 2877 799 2936 in
821 2877 931 2955 quibus
952 2877 1019 2937 eius

53 2972 160 3034 Musei
181 2969 342 3049 catalogus
362 2973 564 3046 continetur,
587 2989 642 3032 nec
665 2989 727 3031 non
748 2974 782 3030 et
801 2970 865 3031 alia
884 2973 944 3030 duo
966 2989 1020 3031 vo-

53 3065 177 3126 lumina
199 3081 253 3124 suo
273 3063 371 3141 ipsius
393 3064 517 3124 nomine
544 3081 622 3142 quae
643 3063 823 3142 catalogum
845 3064 1020 3123 manuscri-

54 3161 182 3238 ptorum
204 3157 384 3233 continent,
407 3157 559 3218 eidemin
582 3158 737 3219 mandatis
758 3159 959 3231 dederamus,
982 3160 1020 3218 ut

53 3252 183 3315 Nostris
198 3251 268 3324 tibi,
285 3256 319 3312 et
338 3250 476 3330 egregiis
497 3251 568 3312 istis
590 3251 784 3330 praesidibus
804 3270 896 3330 quam
917 3251 1020 3311 maxi-

56 3365 121 3408 mas
144 3344 265 3423 gratias
279 3347 476 3422 rependeret.
491 3347 582 3406 Nunc
594 3346 710 3403 autem
731 3362 800 3403 cum
815 3345 917 3405 dictus
930 3361 1021 3422 prae-

57 3441 104 3500 sul
126 3438 248 3500 amicus
262 3441 354 3510 tuus,
370 3456 405 3497 ac
426 3454 466 3496 ex
486 3439 594 3496 eadem
616 3435 743 3496 natione
764 3436 915 3498 oriundus
938 3439 1020 3497 istuc

56 3532 291 3609 proficiscatur,
318 3531 409 3592 valde
432 3533 640 3607 opportunum
656 3529 753 3590 Nobis
774 3530 877 3588 risum
898 3534 947 3590 est
961 3532 1019 3590 has

56 3627 91 3685 ad
113 3628 146 3686 te
176 3624 303 3685 litteras
332 3627 426 3697 dare,
447 3641 524 3702 quae
545 3623 698 3683 Nostrum
724 3619 757 3680 in
778 3624 811 3680 te
832 3625 866 3682 et
886 3622 919 3680 in
941 3621 1018 3683 istos

902 3727 919 3761 *
