2624 4260
694 287 872 346 —212-

589 500 739 555 lentim
758 503 893 554 verule
915 494 971 570 (l).

612 689 806 734 vmbriam
826 688 946 732 sacrm

664 844 903 906 OCTAVIO

547 1026 792 1102 Arctiepiscopo
812 1024 1023 1084 Nazianzeoo

512 1203 544 1278 P
565 1201 582 1277 l
599 1201 637 1280 U
657 1199 682 1276 S
737 1201 770 1276 P
789 1200 823 1274 A
842 1200 875 1275 P
892 1199 927 1274 A
980 1197 1046 1273 Vl.

422 1412 510 1468 ven.
530 1410 663 1478 Frater,
676 1406 829 1466 Salutem
850 1409 886 1464 et
904 1406 1144 1475 apostolicam

634 1500 927 1560 Benedictionem.

318 1747 319 1755 κ
361 1707 396 1764 ln
417 1703 560 1762 maximis
580 1702 676 1772 curis,
693 1699 948 1778 gravissimisque
969 1698 1128 1757 aerumnis
1150 1699 1261 1775 quibus

303 1796 441 1880 oppressi
456 1796 633 1855 iamdudum
655 1794 852 1854 succumbere
874 1791 1099 1862 debuissemus,
1118 1791 1183 1850 nisi
1201 1795 1260 1852 Nos

302 1889 532 1966 omnipotentis
552 1889 682 1946 dextera
703 1887 862 1958 firmaret,
886 1885 1046 1944 doloribus
1061 1903 1162 1943 novae
1179 1885 1261 1944 infir·

301 1982 437 2054 mitatiS,
452 1999 512 2057 qua
526 1980 714 2051 laboramus,
738 1979 842 2038 nullus
857 1979 998 2036 acerbior
1013 1977 1139 2055 adiungi
1157 1978 1262 2056 potuit

301 2077 369 2150 illo,
393 2093 483 2153 quem
503 2073 598 2135 Nobis
625 2074 804 2133 attulerunt
824 2075 910 2132 Tuae
931 2074 971 2134 20
992 2076 1026 2130 et
1044 2071 1084 2132 25
1104 2073 1262 2131 currentis

289 2171 394 2230 ”huius
414 2169 528 2228 mensis
550 2171 586 2228 ad
609 2170 672 2228 Nos
693 2169 783 2227 datae
804 2168 951 2240 litterae,
974 2167 1085 2244 quibus
1107 2167 1210 2226 Nobis
1225 2165 1263 2225 si·

289 2263 441 2340 gnifices,
455 2260 710 2338 aprofessoribus
724 2261 856 2338 Oollcgii
876 2261 1008 2321 Romani
1022 2263 1055 2318 et
1067 2259 1263 2336 Sapientiae
1297 2335 1298 2338 Ἴ

300 2355 362 2414 iam
384 2373 460 2430 pure
487 2361 519 2414 et
540 2353 727 2430 simpliciter
756 2355 903 2413 emissum
931 2354 1027 2413 luisse
1049 2354 1263 2414 iuramentum

300 2446 530 2506 Constitutione
562 2449 701 2506 Romana
720 2447 973 2523 praescriptum.
996 2448 1112 2506 Nostra
1136 2447 1179 2508 de
1206 2450 1262 2507 hcc

299 2543 414 2616 puncto
436 2557 525 2599 sensa
546 2540 607 2599 iam
628 2543 664 2600 D.
681 2540 812 2598 Posseri
833 2540 935 2614 palam
957 2540 1208 2624 feceramus,.et
1226 2559 1263 2600 ex

299 2633 399 2710 primo
419 2633 637 2692 instructionis
667 2633 742 2692 folio
762 2652 781 2692 a
802 2635 846 2691 Te
869 2633 958 2693 Glcro
987 2635 1127 2693 Romano
1157 2639 1262 2694 trans·

299 2729 405 2802 misso,
428 2728 515 2788 cuius
536 2729 696 2804 exemplar
716 2727 813 2788 Nobis
834 2728 927 2786 etiam
950 2726 1164 2802 transmittiS,
1193 2747 1264 2806 per·

299 2909 426 2989 quidem'
440 2915 581 2974 videmus
602 2933 620 2974 a
641 2918 684 2974 Te
706 2916 896 2992 propositam
927 2915 1054 2974 eandem
1087 2915 1264 2976 iuramenti
1297 2957 1298 2984 ,

298 3005 476 3078 formulam,
492 3027 569 3083 quae
589 3025 608 3065 a
628 3009 725 3068 Nobis
747 3009 851 3067 fuerat
873 3008 1055 3083 approbata.
1067 3009 1136 3067 Nou
1154 3027 1264 3084 possu-
1297 2987 1298 3068 l

299 3110 366 3155 mus
389 3097 490 3174 igitur
514 3101 791 3174 comprehendere,
814 3101 965 3176 quomodo
994 3103 1130 3159 mentem
1153 3101 1263 3158 subito
1297 3115 1298 3174 j

197 3251 203 3261 ,
298 3191 420 3247 mutare
448 3191 606 3266 potueris3
629 3195 751 3251 etcum
773 3212 878 3252 omnes
907 3193 1095 3268 professores
1117 3211 1186 3252 cum
1212 3212 1265 3269 pc-
1297 3189 1298 3238 i

297 3283 398 3342 riculo
419 3284 635 3360 cuiuscumque
657 3285 816 3359 iacturae,
841 3290 877 3345 ut
898 3285 1032 3359 asseris,
1054 3287 1093 3346 ed
1115 3286 1264 3345 obedien·
1297 3275 1298 3350 l

298 3374 370 3434 dum
391 3375 510 3435 fuerint
531 3377 732 3464 promtissimi,
755 3399 814 3456 quo
835 3383 928 3456 pacto
949 3379 1090 3456 potueris
1111 3379 1263 3438 emittere
1297 3385 1298 3446 ξ

358 3507 396 3560 (1)
414 3507 482 3561 Quae
498 3505 606 3552 hebetur
621 3507 649 3552 in
665 3507 767 3555 collect.
786 3511 861 3556 Brcv.
876 3508 915 3556 Pii
925 3507 992 3555 Edit.
1010 3510 1052 3556 a‘n.
1072 3509 1134 3555 1800
1151 3509 1225 3554 Tum.
1240 3506 1265 3552 8.
1297 3541 1298 3548 ,

296 3592 354 3640 pag.
372 3583 426 3628 262.
