2632 4262
676 250 857 310 -322-

284 359 445 423 -Reddita
473 357 539 418 illis
568 357 701 416 libertas
730 355 863 415 adeundi
892 374 1070 433 supremum
1090 357 1256 418 Ecclesiae

284 458 396 532 Caput,
419 453 546 529 eiusque
569 467 718 527 responsa
739 449 929 526 postulandi.
947 451 1024 510 ibid.

343 549 462 610 Liddae
482 544 665 622 Episcopus.
683 543 764 603 Vide
790 541 908 617 00101.

344 642 461 703 Lindet
481 638 781 717 pseudo-Episcopus
802 637 1008 698 Ebroicensis.
1025 641 1049 700 Ι.
1066 639 1136 698 151.
1148 671 1164 683 ·
1176 639 1255 698 Eius

283 735 395 796 electio
411 734 500 793 nulla
515 737 548 794 et
561 733 755 794 consecratio
771 732 936 812 sacrilega.
952 735 979 794 Ι.
995 733 1046 794 56.
1056 733 1128 794 -Ab
1143 733 1258 792 ordine

284 827 452 906 episcopali
474 845 652 904 suspensus.
668 826 748 886 Ibid.

344 923 544 984 Litterarum
564 921 817 998 Apostolicarum
840 920 1039 984 authentiam
1065 924 1185 998 negant
1209 923 1259 980 ln-

286 1016 381 1078 trusi.
395 1017 420 1076 Ι.
433 1016 505 1076 274.
522 1015 660 1076 -Falsas
673 1013 856 1090 confingunt
875 1018 971 1090 atque
984 1015 1092 1076 edunt.
1108 1015 1180 1075 323.
1197 1016 1261 1074 ua.

286 1132 357 1173 rum
379 1129 455 1188 quas
477 1111 564 1170 dedit
585 1110 661 1170 Pius
682 1112 726 1170 VI
746 1114 857 1170 contra
877 1111 1004 1168 decreta
1018 1113 1050 1169 et
1068 1127 1161 1168 ansus
1176 1111 1260 1170 Con-

287 1208 402 1266 ventus
425 1203 595 1265 nationalis
616 1203 814 1281 impudenter
829 1222 848 1262 a
861 1203 1040 1265 Directorio
1053 1203 1259 1278 ltnequutivo

286 1299 400 1377 petita,
423 1316 442 1358 a
462 1298 617 1358 Pontifice
638 1298 891 1358 constantissime
913 1299 1078 1374 denegata.
1093 1298 1132 1356 ll.
1147 1297 1222 1356 234.

348 1392 497 1454 Lomenic
519 1391 581 1471 (de)
605 1393 783 1469 Stephanus
797 1391 973 1453 cardinalis
994 1391 1154 1468 arguitur,
1172 1392 1256 1466 quod

289 1487 425 1546 civicum
441 1485 667 1560 iuramentum,
684 1485 760 1546 licet
775 1485 918 1546 exterius
933 1487 1057 1544 tantum
1074 1483 1120 1542 uti
1135 1483 1259 1556 aiebat,

286 1579 499 1656 praestiterit.
510 1581 534 1638 1.
548 1579 772 1642 ,δᾶ-4001001
793 1579 1027 1640 cardinalitiam
1048 1576 1257 1653 dignitatem.

286 1673 357 1732 432.
373 1671 678 1732 -Rennnciationem
700 1671 845 1732 admittit
865 1672 943 1732 Pius
959 1673 1012 1732 VI.
1025 1668 1173 1732 233-255.

347 1763 551 1824 Lucionensis
566 1763 734 1841 Episcopus
758 1766 918 1824 Summum
940 1763 1125 1824 Pontificem
1147 1764 1189 1822 de
1211 1782 1263 1823 re-

288 1856 344 1916 bus
364 1856 647 1916 matrimonialibus
663 1859 811 1932 consulit;
826 1857 1003 1920 cardinalis
1018 1859 1055 1918 dc
1069 1858 1097 1916 Ζ
1099 1858 1202 1920 elada
1224 1859 1262 1918 ad

290 1967 361 2008 eum
383 1951 557 2026 responsio.
574 1953 614 2013 ΙΙ.
634 1953 672 2023 12
686 1955 719 2014 01
734 1971 799 2030 seq.

349 2045 526 2104 Ludovicus
538 2047 613 2106 XVI
634 2045 898 2107 Constitutiouem
923 2044 1053 2104 civilem
1078 2043 1109 2102 vi
1131 2049 1263 2105 coactus

291 2141 404 2202 saucit.
422 2143 446 2202 1.
463 2143 520 2202 143
534 2147 567 2204 01
578 2161 642 2218 seq.
658 2141 809 2202 -Summi
824 2141 988 2202 pontificis
1002 2143 1040 2202 ad
1055 2159 1125 2200 eum
1140 2143 1265 2218 episto·

290 2237 351 2295 lae.
360 2237 384 2296 Ι.
395 2236 507 2308 21,31,
519 2236 571 2308 37,
583 2237 652 2296 124.
661 2235 812 2312 -Optima
823 2235 889 2294 eius
901 2235 1034 2294 indoles.
1043 2237 1083 2294 Il.
1093 2235 1174 2294 20.-
1184 2237 1264 2296 Eius

290 2328 426 2387 firmitas
448 2328 543 2388 animi
565 2328 597 2386 in
619 2331 790 2388 recusanda
814 2328 972 2388 sanctione
994 2327 1113 2386 decreti
1136 2329 1176 2388 de
1203 2331 1265 2388 eii·

289 2420 407 2480 ciendis
418 2421 450 2478 in
462 2420 594 2480 exilium
608 2422 825 2483 sacerdotibus
835 2421 1011 2482 catholicis.
1027 2424 1067 2482 ΙΙ.
1082 2422 1134 2482 30.
1148 2423 1264 2484 -Eius
1295 2455 1296 2460 κ

290 2513 454 2573 consilium
475 2513 665 2572 restituendi
680 2514 713 2572 in
728 2519 889 2592 posterum
910 2515 941 2574 in
969 2515 1083 2576 Galliis
1107 2517 1265 2576 catholici

290 2607 405 2668 cultus.
427 2607 505 2668 Ibid.
523 2613 557 2666 et
578 2591 839 2694 scp.·-lliuturna
859 2609 926 2668 eins
948 2609 980 2668 in
1004 2608 1102 2670 variis
1124 2610 1267 2669 carceri-

290 2702 348 2762 bus
369 2701 521 2762 custodia.
535 2701 575 2762 11.
595 2699 818 2777 19.-Oap1tali
833 2718 930 2776 poena
946 2703 1111 2762 damnatur
1126 2721 1145 2763 a
1160 2703 1267 2765 natio·

290 2794 357 2855 nali
379 2797 535 2854 conventu
550 2793 616 2853 sine
630 2793 699 2853 iure
720 2797 753 2854 et
775 2794 976 2854 auctoritate.
991 2797 1032 2855 ΙΙ.
1047 2797 1097 2868 16,
1112 2797 1187 2855 17.-
1198 2798 1268 2856 Mi-

291 2887 360 2946 nori
379 2886 523 2964 legitimo
539 2904 667 2946 numero
681 2886 820 2946 iudicum
836 2886 1025 2948 immolatus.
1039 2890 1080 2950 ΙΙ.
1091 2889 1138 2948 18.
1149 2891 1267 2950 -Mors
1294 2937 1295 2945 ,

291 2982 359 3040 eius
380 2981 570 3041 confessario
591 2981 693 3042 illata.
712 2983 750 3040 ll.
770 2981 818 3042 19.
831 2983 948 3042 -Laus
970 2982 1036 3041 eius
1059 2985 1265 3058 testamenti,

291 3073 411 3133 eteius
436 3074 630 3152 poenitentia
658 3077 788 3150 propter
818 3074 970 3136 sancitam
994 3075 1265 3138 constitutionem

290 3163 429 3225 civilem.
443 3169 484 3226 ΙΙ.
497 3167 547 3227 20.
557 3199 572 3212 -
582 3167 677 3228 Necis
697 3166 785 3226 illius
801 3186 870 3226 cum
885 3186 958 3228 nece
973 3167 1094 3228 Mariae
1107 3169 1265 3230 Stuartac

292 3257 495 3332 comparatio.
510 3259 550 3316 ll.
566 3259 603 3318 21
619 3264 653 3318 01
666 3259 717 3320 30.
730 3291 746 3304 ·
757 3262 968 3337 Interemptus
989 3261 1022 3320 in
1044 3261 1148 3320 odium
1170 3262 1262 3321 fidei.

292 3351 333 3411 ΙΙ.
349 3349 401 3422 23,
416 3351 466 3409 33.
477 3381 496 3394 -
506 3351 617 3412 Dolosa
634 3355 737 3412 tamen
751 3358 913 3416 accusatus
934 3353 1101 3414 criminum
1116 3355 1265 3432 politico-

292 3460 374 3504 rum.
389 3444 428 3504 ll.
446 3443 496 3504 30.
510 3475 529 3488 -
541 3445 668 3522 Mertyr
689 3465 707 3506 a
729 3448 854 3506 Summo
868 3447 1021 3509 Pontifice
1043 3449 1260 3509 existimatus.

292 3535 388 3610 ΙΙ.30,
402 3537 561 3598 34.·Sine
583 3541 688 3598 tamen
710 3540 774 3601 ullo
797 3542 885 3604 Sedis
907 3541 1105 3620 Apostolicae
1127 3542 1259 3602 iudicio.
