2624 4260
662 275 838 333 -222-

271 381 354 451 rint,
378 381 504 456 perinde
526 381 586 452 sit,
610 379 694 440 acsi
716 379 857 437 omnibus
880 379 1088 455 personaliter
1110 378 1228 438 suerint

271 473 448 544 intimatae,
465 477 500 532 ut
521 473 626 532 nulius
647 472 744 548 possit
766 459 976 548 ignorantiam
996 472 1149 549 allegare.

332 569 445 627 Datum
462 567 492 625 iu
512 565 638 626 Palatio
650 569 756 624 nostro
769 565 937 641 episcopali
951 564 1099 625 Civitatis
1111 565 1229 626 Castel-

273 659 364 719 lanae
386 661 603 720 Muocxotx.

432 753 590 813 Lauraat.
607 755 725 814 Hos-tae
747 771 781 812 ac
802 753 951 815 Civitatis
971 753 1168 813 Castellauae
1292 799 1293 814 r

754 845 933 922 Episcopus.

486 941 653 1000 Antonias
674 938 845 1000 Saloatelle'
865 939 1001 1002 cancell.
1025 939 1228 1016 Episcopalia
1293 1020 1294 1024 Ἰ

687 1198 821 1253 ΙιΧἿΙ.

407 1311 639 1380 EPISTOLA
662 1305 799 1380 CARLD.
827 1312 1101 1383 ANTONELLI

653 1475 697 1528 Ex
716 1473 850 1530 Oouolavi

467 1665 508 1706 nn
528 1633 668 1708 arvium
688 1665 726 1708 no
748 1631 872 1707 iunium
893 1665 1038 1708 uoumuu

558 1801 952 1862 BRANGADORO

294 1946 578 2022 Arotiepicoopam
599 1947 787 2008 Nisibenam
807 1955 838 2006 et
858 1947 1098 2024 Propapaadae
1118 1948 1214 2008 Fidei

643 2041 871 2102 Secretare'am.

352 2193 592 2252 Illustrissime
614 2209 654 2253 ac
678 2195 975 2253 Revereudissimo
994 2195 1152 2254 Domine.

332 2351 475 2428 Episcopi
497 2353 634 2428 insignes
655 2357 688 2411 et
709 2353 791 2411 omui
814 2351 1032 2412 aestimatione
1054 2351 1155 2426 digni,
1170 2355 1232 2413 Do·

271 2444 349 2503 mini
371 2445 546 2504 cardinalis
568 2445 798 2504 Mechlinieusis
827 2449 861 2505 et
881 2446 1022 2505 Praelati
1043 2445 1180 2522 iprensis
1202 2449 1233 2505 et

273 2537 569 2609 Ruraemundeusis‚
584 2538 709 2598 decreto
724 2539 861 2614 ipsorum
874 2539 923 2598 die
936 2540 976 2598 24
987 2539 1166 2598 Decembris
1181 2557 1233 2598 au·

272 2629 305 2687 ui
326 2629 447 2706 elapsi,
473 2630 718 2691 manifestarunt
736 2650 844 2691 eorum
870 2650 963 2692 seusa
987 2633 1075 2691 circa
1101 2633 1232 2709 primam

272 2721 439 2784 formulam
462 2722 630 2784 iuramenti
646 2725 771 2784 noviter
791 2725 981 2802 propositam
996 2742 1015 2785 a
1032 2725 1159 2785 Galliae
1172 2743 1234 2784 mo·

272 2817 473 2878 deratoribus
494 2836 572 2894 quae
592 2821 664 2878 crat
685 2836 831 2896 sequens:
854 2816 891 2892 ja
905 2817 983 2892 jare
1013 2819 1138 2898 fidelitd
1159 2823 1180 2880 d
1202 2824 1234 2881 la

273 2909 473 2989 Republiqae
494 2912 671 2986 Francoisc
691 2929 756 2972 aaa
775 2920 807 2973 et
827 2912 1025 2984 induciata,
1041 2915 1159 2990 fandata
1179 2933 1234 2973 sur

275 3002 308 3059 la
329 3007 553 3064 souverainete
572 3007 618 3064 da
634 3009 758 3082 peaple,
777 3008 804 3065 lc
818 3007 938 3081 rapinae
959 3009 1234 3084 representatiset

274 3093 303 3150 le
322 3097 487 3155 maiatica
507 3099 546 3158 de
568 3101 601 3158 la
623 3101 753 3170 liberte,
782 3095 939 3175 l'tpalitt,
965 3101 998 3158 la
1017 3103 1124 3159 cereta
1148 3107 1181 3160 et
1202 3103 1234 3160 la

268 3189 443 3262 propriett.
465 3191 507 3249 Et
528 3189 560 3247 iu
583 3191 763 3268 obsequium
785 3190 985 3252 auctoritatis
1006 3192 1087 3252 sedis
1107 3197 1234 3269 aposto-

273 3275 353 3337 lieae
374 3281 542 3356 protestati
565 3287 655 3342 suut:
674 3293 878 3361 praesentem
903 3286 1157 3346 declarationem
1174 3304 1235 3346 oo·

272 3383 374 3434 mam
388 3392 535 3450 capremo
550 3378 694 3453 elipandi
708 3381 861 3453 1prccime
875 3377 941 3460 (uti
954 3373 1132 3457 speramus)
1147 3380 1235 3440 Pon·

273 3469 373 3546 tificis
392 3466 536 3527 Romani
556 3469 678 3530 iudicio
701 3473 737 3528 ia
758 3473 905 3530 omnibus
927 3473 1125 3532 aada'icimas.

333 3559 468 3621 Videtur
489 3561 565 3622 haec
586 3560 721 3624 formula
742 3563 907 3624 hodiedum
923 3565 1056 3642 amplius
1082 3582 1141 3624 nou
1164 3583 1230 3625 ease
