2606 4268
329 362 533 438 optabamus,
556 363 733 440 etquidem
757 364 1044 435 vehementissime,
1066 365 1238 426 Fraterni-

268 455 346 516 tatis
368 458 441 515 tuae
456 457 540 516 votis
552 475 704 540 *annuere
719 460 933 542 Nostrumque
948 458 1099 518 iudicium
1114 461 1151 518 de
1167 459 1238 518 sin-

268 547 352 625 gulis
373 551 447 609 tuae
468 551 637 627 pastoralis
650 551 874 612 Instructionis
889 551 1049 630 capitulis,
1065 551 1234 630 dequibus

266 641 332 701 Nos
353 643 566 716 consulueras,
589 645 714 722 aperire
729 645 800 705 tibi:
817 647 868 705 sed
885 663 953 705 cum
969 645 1144 724 praepediti
1160 663 1238 723 gra-

268 734 405 794 vissimis
426 735 618 797 christianae
640 737 833 816 reipublicae
848 739 997 816 negociis,
1013 739 1045 800 id
1061 739 1172 799 statim
1189 739 1237 798 fa-

268 847 339 888 eere
367 847 427 888 non
455 833 668 908 potuerimus,
697 835 955 911 opportuniorem
991 833 1237 912 expectabamus

269 923 478 998 occasionem,
502 930 537 986 ut
557 926 588 986 id
611 927 733 1004 plenius
755 945 992 1006 exequeremur.
1006 930 1053 989 Ex
1068 928 1117 987 his
1138 926 1236 986 facile

267 1017 439 1095 intelliges,
454 1037 511 1079 cur
525 1021 676 1081 hactenus
690 1039 809 1082 moram
824 1021 992 1082 fecerimus
1011 1021 1234 1098 respondendi,

268 1121 302 1175 et
320 1130 417 1190 qnare
431 1114 527 1174 etiam
545 1133 604 1174 non
620 1115 814 1192 potuerimus
827 1115 954 1194 singula
969 1120 1043 1178 tuae
1058 1115 1235 1193 pastoralis

267 1205 488 1266 Instructionis
514 1209 619 1284 capita
646 1212 842 1287 expendere,
866 1213 902 1270 ut
923 1211 1100 1270 absolutum
1127 1211 1167 1267 de
1194 1208 1236 1267 iis
1293 1219 1294 1274 j

266 1302 417 1362 Nostrum
439 1301 499 1360 tibi
521 1301 671 1362 indicium
693 1303 978 1364 manifestaremus.
993 1305 1090 1370 Quam
1107 1301 1236 1379 quidem

267 1394 379 1472 agendi
396 1394 564 1468 rationem,
577 1397 705 1456 eandem
724 1398 761 1456 ob
784 1414 926 1469 causam,
941 1397 1028 1474 sequi
1046 1395 1150 1456 coacti
1172 1395 1237 1454 fui-

268 1478 337 1547 mus
357 1505 427 1546 cum
448 1489 685 1565 quampluribus
705 1489 777 1549 aliis
798 1489 930 1550 calliae,
943 1489 1144 1562 Antistibus3
1170 1491 1238 1566 qui,

267 1583 445 1658 eodemque
458 1581 660 1641 Fraternitas
672 1587 728 1642 tua
738 1583 855 1658 spiritu
871 1582 1048 1643 devotionis
1063 1600 1142 1660 erga
1154 1583 1237 1642 hanc

267 1675 480 1753 Apostolicam
501 1675 612 1734 Sedem
633 1675 732 1750 ducti,
746 1694 817 1736 suas
833 1677 1008 1753 pastorales
1029 1676 1182 1753 epistolas
1197 1678 1236 1736 ad

267 1769 333 1828 Nos
355 1767 520 1827 miseruut.

328 1861 432 1922 Rebus
453 1860 500 1920 ita
521 1878 553 1919 se
575 1861 773 1935 habentibus,
789 1862 908 1923 retulit
919 1862 1017 1924 Nobis
1032 1862 1169 1923 dilectus
1183 1863 1239 1922 Fi·

267 1957 329 2017 lius
349 1958 467 2018 Noster
488 1959 521 2017 S.
545 1959 584 2018 R.
607 1959 644 2017 E.
667 1959 846 2019 Oardinalis
868 1960 905 2018 de
927 1960 1053 2032 Zelada,
1076 1960 1236 2019 redditam

268 2050 329 2110 sibi
349 2067 416 2110 esse
430 2049 662 2111 Fraternitatis
676 2055 748 2111 tuae
763 2052 928 2130 epistolam
944 2053 1094 2130 scriptam
1111 2052 1170 2111 snb
1185 2053 1235 2112 die
1293 2075 1294 2126 ,

267 2133 378 2222 quinta
398 2145 535 2222 Augusti
556 2145 715 2204 currentis
730 2146 823 2220 anni3
839 2165 900 2223 qua
913 2146 1095 2223 querebaris
1111 2145 1235 2204 nullum

267 2238 419 2298 hactenus
440 2255 459 2296 a
478 2239 577 2300 Nobis
588 2241 741 2316 accepisse
756 2258 954 2318 responsum,
969 2241 1136 2316 eodemque
1152 2243 1237 2299 tem-

267 2347 342 2408 pore
363 2348 476 2407 cupere
498 2335 529 2390 te
551 2333 765 2405 vehementer,
788 2337 825 2393 ut
846 2333 1003 2410 prioribus
1025 2332 1090 2392 tuis
1111 2332 1235 2392 litteris

267 2425 427 2500 responsio
455 2425 683 2501 quamprimum
712 2427 855 2486 daretur.
889 2429 990 2494 Quare
1018 2444 1088 2485 cum
1110 2443 1150 2485 ex
1173 2444 1237 2485 uua

266 2522 357 2593 parte
379 2534 566 2593 urgeremur
582 2517 646 2578 tuis
660 2517 810 2592 Litteris,
825 2537 865 2578 ex
880 2521 984 2580 altera
998 2537 1075 2579 vero
1090 2518 1235 2596 apprime

267 2608 520 2688 intelligeremus
534 2611 708 2687 pastorales
723 2629 815 2690 curans
829 2614 962 2674 Nostras
978 2631 1037 2672 non
1052 2611 1167 2686 minui,
1181 2615 1236 2672 sed

269 2707 302 2766 in
323 2695 389 2768 dies
409 2709 520 2784 angeri
541 2713 671 2785 propter
691 2707 876 2769 difficillima
904 2709 1096 2769 christianae
1126 2709 1237 2786 reipu-

267 2799 368 2860 blicae
390 2805 543 2877 tempora,
566 2802 692 2878 aliquod
715 2804 849 2862 dandum
864 2803 1079 2863 Fraternitati
1094 2806 1171 2861 tuae
1186 2820 1235 2861 re

267 2909 413 2969 sponsum
425 2894 575 2953 arbitrati
588 2912 707 2968 sumus,
720 2897 799 2972 quod
813 2894 1030 2972 praesentibus
1042 2895 1092 2954 his
1103 2896 1235 2956 Nostris

267 2985 390 3046 litteris
411 2986 554 3046 facimus.

319 3078 466 3146 Quamvis
474 3082 579 3139 autem
587 3097 624 3138 ea
632 3079 736 3139 omnia
747 3079 916 3157 pastoralis
924 3081 998 3139 tuae
1006 3079 1235 3140 Instructionis

268 3171 384 3248 capita,
399 3190 478 3249 quae
489 3173 526 3230 ad
540 3171 738 3248 Religionem
753 3177 892 3232 nostram
908 3175 1019 3231 contra
1032 3173 1061 3233 N
1064 3175 1235 3232 oratorum

267 3269 444 3325 commenta
464 3263 686 3325 defendendam
708 3265 882 3342 pertinent,
898 3263 945 3324 ita
960 3267 1156 3342 perpendere.
1170 3273 1234 3326 non

268 3358 436 3436 possimus,
460 3359 496 3417 ut
517 3359 555 3417 ad
578 3358 704 3436 singula
724 3359 983 3434 respondeamus,
1007 3376 1101 3418 uuum
1124 3361 1234 3418 tamen

267 3451 491 3510 admonendum
514 3454 547 3511 te
567 3470 633 3511 esse
655 3451 794 3511 ducimus
816 3450 849 3509 in
871 3470 908 3512 ea
921 3452 1143 3513 Instructionis
1159 3456 1235 3515 tuae

269 3547 371 3621 parte,
393 3563 470 3623 quae
492 3545 620 3622 regulas
640 3544 831 3622 praescribit
850 3563 869 3605 a
890 3546 1104 3607 sacerdotibus
1125 3547 1234 3607 obser·
