2624 4260
553 389 949 479 APPENDIX

729 902 761 956 Ι.

646 1033 865 1077 anrancramo

434 1190 649 1252 FRANGISOI
671 1191 857 1251 Tflnassn
878 1188 1077 1250 PANISSET

489 1345 620 1406 lotroci
630 1318 785 1422 Episcopi
797 1348 834 1406 io
843 1344 1012 1406 Soboudio

449 1504 452 1520 '
481 1509 579 1556 mssa
603 1509 649 1554 ΑΙ)
676 1508 815 1555 surim
842 1507 1041 1556 consumenti

496 1617 499 1626 ’
568 1662 779 1744 prun
833 1612 949 1739 viil

337 1868 452 1944 Aliquo
482 1867 594 1928 abhinc
622 1872 763 1943 tempore
783 1867 930 1925 recedens
951 1885 970 1926 a
991 1867 1102 1938 terra,
1125 1865 1160 1923 in
1182 1883 1242 1942 qua

278 1963 409 2040 spiritus
430 1960 584 2021 mendacii
600 1980 671 2020 suas
686 1961 802 2019 circum
817 1978 866 2018 me
881 1959 1068 2036 praestigias
1083 1977 1239 2019 renovare

281 2074 339 2115 non
362 2056 534 2128 desinebat,
557 2056 587 2114 in
610 2073 671 2130 qua
684 2053 745 2112 iam
763 2052 891 2112 timores
904 2056 937 2112 et
952 2071 1031 2129 spes,
1048 2053 1109 2112 iam
1125 2053 1243 2128 passio-

282 2170 333 2210 nes
354 2153 387 2208 et
408 2167 566 2210 remorsus
579 2166 634 2224 per
651 2147 734 2206 vices
749 2147 919 2222 premendo
934 2147 1088 2224 agitatam
1103 2147 1239 2206 animem

280 2261 391 2314 meam,
407 2261 445 2300 ne
461 2243 492 2300 in
509 2259 540 2300 se
563 2241 695 2311 rediret,
718 2239 940 2315 impediebant,
958 2241 1081 2298 taudem
1099 2240 1131 2297 in
1148 2241 1242 2299 mala·

280 2335 327 2394 tia
341 2332 413 2416 (sic)
429 2352 564 2394 secessus
579 2337 612 2392 et
633 2334 808 2409 passionum
824 2333 950 2392 silentio
965 2333 1090 2393 adverti
1104 2333 1241 2392 animum

281 2431 318 2490 ad
341 2429 453 2487 infelix
474 2427 624 2498 stadium,
647 2429 724 2502 quod
748 2427 902 2502 percurri.
925 2427 1091 2492 Quaelibet
1111 2426 1241 2485 reflexio
1300 2455 1301 2474 1

280 2521 370 2581 anxit
383 2538 481 2579 meam
497 2519 721 2590 confusionem,
738 2523 771 2578 et
786 2520 882 2578 scisso
898 2521 1001 2591 denso,
1019 2519 1099 2596 quod
1117 2518 1242 2577 meimet

280 2614 491 2692 cognitionem
507 2612 584 2672 mihi
600 2613 773 2687 occulebat,
790 2613 957 2684 velamine,
971 2614 1105 2673 vulnera
1118 2613 1239 2673 animae

281 2727 367 2770 meae
388 2711 422 2768 et
442 2706 649 2768 conscientiae
671 2709 765 2766 chaos
787 2708 956 2767 revelavit.
978 2708 1024 2767 Ad
1048 2709 1130 2766 hunc
1152 2709 1241 2766 obtu-

281 2807 349 2864 tum
370 2805 488 2881 pudore
509 2803 672 2878 correptus
695 2802 861 2876 tentabar,
878 2807 914 2860 ut
928 2790 1099 2878 importuni
1114 2801 1239 2860 luminis

282 2897 386 2957 radios
406 2897 594 2973 effugerem
610 2913 705 2972 paene
719 2913 767 2954 me
783 2895 936 2972 temporis
955 2912 1095 2954 mearum
1110 2895 1242 2954 fluctua-

283 2993 404 3051 tionum
427 2991 616 3068 poenitebet.
638 2991 697 3050 Sed
720 2993 800 3050 Deus
822 2990 1106 3050 misericordiarum
1129 2989 1174 3049 sit
1191 2991 1244 3049 be·

284 3084 425 3143 nedictus
446 3084 477 3142 in
499 3085 679 3142 aeternum!
703 3082 834 3142 Bonitas
849 3083 915 3142 eius
936 3083 1130 3142 sustentavit
1145 3101 1241 3142 meam

283 3175 515 3247 infirmitatem,
524 3174 629 3250 gratia
638 3173 704 3240 eius
716 3175 795 3234 vicit
809 3180 1034 3254 repugnantem
1048 3177 1242 3237 voluntatem

284 3286 403 3341 meam,
432 3272 465 3328 et
489 3269 558 3327 luce
587 3287 643 3328 sua
664 3271 825 3330 recondita
847 3272 951 3330 cordis
971 3271 1032 3330 mei
1053 3270 1242 3331 collustrans

284 3361 411 3421 edocuit
425 3379 485 3433 me,
501 3380 591 3438 quam
607 3363 714 3438 procul
730 3381 779 3422 me
794 3363 938 3440 superbie
949 3364 1124 3424 'indevium
1141 3365 1245 3424 abstu-

347 3566 383 3621 n>
399 3565 456 3613 vti,
474 3566 593 3626 superius
608 3567 663 3614 NN.
675 3568 776 3625 XXXV,
794 3570 820 3615 et
835 3569 947 3616 XXXIX.
965 3581 1040 3628 pagg.
1052 3569 1107 3616 117.
1120 3569 1177 3616 133.
