2606 4268
458 261 636 320 -111-

61 371 134 430 dem
157 369 331 430 Sanctitati
351 370 432 428 Suae
447 367 626 444 propositis,
638 386 770 444 quorum
785 369 948 445 exemplar
961 368 1031 428 heic

61 465 228 536 adiicitur,
252 467 290 522 ut
312 480 438 522 normae
460 462 515 520 sit.
936 477 940 490 ·

122 563 154 622 2.
178 563 214 621 In
237 559 371 620 secunda
385 558 527 634 petitur,
545 561 580 616 ut
595 557 707 634 regula
720 557 950 617 determinetur
965 576 1033 618 ser·

60 657 167 716 venda
188 655 289 732 quoad
311 652 549 714 Ecclesiasticus
570 651 748 711 schismatis
768 669 848 712 reos.
950 686 953 698 ι

122 753 164 810 R.
187 748 313 826 Regula
334 747 397 807 ista
418 747 480 807 iam
502 745 623 804 tradita
643 744 706 804 fuit
726 764 745 806 a
766 746 944 806 Sanctitate
967 747 1031 806 Sua

59 844 256 922 Apostolieis
277 842 413 902 Litteris
434 841 466 900 in
488 839 588 898 forma
608 837 721 898 Brevis
742 839 837 898 editis
859 839 979 898 diebus
993 841 1032 901 lu

60 938 177 999 Martii
199 955 235 996 ac
258 934 400 996 131unii
422 953 473 994 an.
498 934 587 1006 1792,
610 950 740 1009 quorum
763 935 938 1011 exemplum
954 933 1033 995 adii·

59 1033 166 1105 citur;
182 1030 383 1108 quamobrem
398 1030 436 1088 ad
451 1044 590 1087 errorem
607 1026 771 1087 vitandum
788 1032 971 1088 necesseest
981 1047 1030 1101 ca,

60 1145 143 1203 qnae
165 1125 196 1184 in
221 1121 391 1202 praedictis
404 1120 596 1198 Apostolicls
610 1120 746 1180 Litteris
760 1121 883 1182 tradita
897 1132 971 1182 sunt
984 1123 1033 1180 in·

59 1224 156 1297 tegre
178 1235 319 1278 servare.
333 1217 368 1276 Si
388 1219 452 1276 Dec
467 1214 624 1291 placuerit
639 1215 738 1292 (quod
762 1216 965 1274 vehementer
980 1217 1033 1274 de-

58 1315 256 1388 sideratur),
284 1311 417 1371 afflictae
439 1311 615 1370 Galliarum
638 1309 795 1369 Ecclesiae
824 1327 932 1387 pacem
962 1311 1032 1368 red-

57 1409 148 1478 dere,
164 1405 289 1466 curabit
303 1404 463 1464 Sanctitas
478 1405 553 1475 Sua,
570 1403 642 1462 illas
657 1403 818 1478 Episcopis
833 1403 961 1480 regulas
979 1404 1032 1462 da·

61 1519 112 1574 re,
136 1519 213 1578 quas
234 1499 335 1576 magis
360 1501 553 1574 opportunas
573 1496 780 1556 existimabit.

121 1595 154 1652 3.
172 1595 206 1653 ln
225 1591 322 1651 tertio
336 1589 496 1666 postulato
515 1589 693 1666 quaeritur,
712 1593 820 1648 utrum
840 1589 1032 1665 propterlu·

60 1686 277 1748 ctuosissimas
299 1683 552 1743 circumstantias
573 1683 605 1740 in
620 1681 772 1742 Memoria
786 1700 965 1759 expressas,
982 1701 1032 1743 sa-

61 1782 209 1840 cerdotes
238 1777 362 1855 probati
389 1779 428 1838 ad
449 1776 656 1836 confessiones
679 1777 922 1837 sacramentales
948 1775 1033 1836 exci-

60 1875 194 1951 piendas
206 1877 240 1934 et
258 1873 295 1932 ad
310 1871 521 1931 ministerium
537 1872 745 1930 exercendum
761 1871 793 1930 in
809 1890 870 1932 una
885 1871 1030 1945 dioecesi,

60 1967 187 2045 possint
208 1967 285 2025 haee
306 1966 414 2025 eadem
435 1982 586 2042 peragere
607 1965 638 2023 in
660 1964 734 2024 alia.

123 2065 164 2122 R.
188 2059 259 2120 Etsi
281 2058 449 2118 memorati
471 2061 648 2118 sacerdotes
668 2060 707 2118 dc
729 2061 800 2120 iure
822 2063 977 2137 nequeant
998 2061 1030 2119 in

61 2155 128 2214 alia
154 2152 289 2212 dioecesi
311 2151 523 2229 poenitentiae
546 2156 775 2212 sacramentum
788 2153 1030 2225 administrare,

59 2247 266 2308 nihilominus
295 2245 455 2306 Sanctitas
477 2246 559 2318 Sua,
575 2245 737 2323 perpensis
759 2245 947 2322 supradictis
968 2247 1032 2306 cir-

59 2339 265 2400 cumstantiis
286 2356 360 2398 vere
389 2339 610 2415 deplorandis,
634 2339 722 2398 vobis
754 2338 921 2416 indulget,
950 2340 1031 2400 illud

60 2437 209 2513 probare,
232 2438 270 2495 ut
290 2435 434 2495 sacerdos
456 2435 487 2492 in
504 2453 566 2496 una
580 2435 713 2495 dioecesi
728 2437 919 2512 approbatus
933 2437 1033 2514 possit

62 2529 311 2589 sacramentales
325 2527 536 2588 confessiones
551 2528 583 2586 in
599 2529 663 2588 alia
681 2531 846 2607 excipere,
868 2531 1031 2590 dummodo

61 2641 164 2700 neque
182 2623 307 2682 iuratus
323 2621 377 2695 sit,
395 2639 494 2699 neque
516 2622 583 2684 ulla
597 2623 708 2700 quavis
729 2623 854 2684 ratione
869 2621 1033 2684 schismati

64 2717 251 2778 adhaereat.

123 2811 156 2868 4.
180 2806 311 2866 Petitur
332 2810 446 2883 quarto
466 2807 545 2881 loco,
562 2811 599 2868 ut
613 2808 772 2868 Sanctitas
787 2810 852 2870 Sua
869 2807 1031 2869 Vicarium

61 2902 242 2962 constituat
262 2917 319 2977 pro
342 2902 491 2960 universa
512 2903 617 2962 Gallia
629 2903 813 2979 opportunis
827 2903 1031 2964 facultatibus

61 2995 257 3072 praeditum,
280 3012 358 3072 qnae
379 2995 597 3072 perdurabunt
617 2997 712 3056 donec
726 2997 787 3073 ipsi
801 2997 944 3074 Episcopi
961 3016 1032 3058 suos

61 3090 211 3150 Vicarios
233 3089 443 3150 constituant:
467 3108 535 3150 cum
558 3090 641 3150 enim
663 3091 801 3168 legitimi
823 3097 966 3170 pastores
981 3095 1033 3154 de-

59 3183 138 3256 sint,
162 3183 253 3242 nulla
274 3201 344 3242 cum
366 3182 443 3260 ipsis
465 3183 575 3243 haberi
598 3187 702 3260 potest
723 3186 976 3248 communicatio,

121 3279 164 3338 R.
189 3276 319 3348 Omisao,
344 3293 417 3336 num
438 3277 586 3353 expediat
600 3296 640 3337 an
656 3297 730 3351 non,
747 3279 953 3340 aSanctitate
968 3279 1033 3340 Sua

64 3370 212 3449 deputari
228 3371 391 3432 Vicarinm
404 3371 622 3448 apostolicum
638 3390 694 3456 pro
706 3374 822 3446 Gallia,
835 3367 957 3433 necesse
969 3377 1030 3447 est,

63 3467 177 3524 auctor
198 3461 377 3523 Memoriae
398 3464 537 3540 praecise
558 3464 729 3542 significet,
752 3485 831 3542 quae
847 3467 912 3526 sint
925 3467 1033 3528 Eccle-

63 3556 127 3617 siae
141 3556 300 3634 legitimis
314 3557 492 3633 pastoribus
507 3558 693 3632 dcstitutae;
710 3562 746 3620 ut
759 3576 795 3618 re
810 3560 938 3636 cognita
953 3561 1030 3620 San·
