2624 4260
215 359 281 418 tam
310 374 424 434 paucos
446 356 628 419 invenerint
648 357 680 418 in
703 363 870 436 praetensa
889 358 1022 418 dioecesi
1042 377 1111 420 mea
1132 379 1181 422 ae·

217 455 379 512 ctatoresl
403 452 485 512 Sane
506 451 566 529 ipsi
588 451 746 529 simplices
767 452 874 512 fideles
895 455 1061 514 senserunt
1081 453 1182 513 eccle-

214 543 334 606 siastici
363 544 526 624 regiminis
554 544 709 605 rationem
737 546 813 608 adeo
834 545 937 623 palam
957 549 1118 619 constare,
1142 547 1180 606 nt

214 656 309 699 nemo·
317 657 385 699 eam
397 639 456 698 sibi
469 639 588 717 fingere
600 639 754 700 diversam
767 639 876 717 possit,
885 637 958 716 quin
970 657 1055 699 suam
1067 641 1182 716 prodat

215 733 449 794 conscientiam.
466 734 529 812 Ipsi
542 738 743 812 agnoverunt
756 735 922 794 secundnm
937 732 1059 811 praxim
1073 733 1181 794 Eccle-

214 827 290 900 siae,
307 829 388 904 quod
403 845 507 888 omnes
521 827 734 890 ordinationes
746 827 938 905 episcopales
951 832 1021 904 post
1033 827 1180 888 obtentas

214 939 234 982 a
255 925 382 982 Summo
402 922 555 982 Pontiflce
576 923 685 984 Bullas
708 922 809 983 factae
830 921 907 995 sint,
930 921 1011 998 quod
1033 922 1179 982 Summus

214 1015 361 1076 Pontifex
383 1015 426 1075 sit
448 1015 546 1086 solus,
569 1015 620 1074 cui
641 1015 783 1075 Ecclesia
802 1017 991 1091 potestatem
1012 1013 1177 1089 permisit,

215 1110 252 1167 nt
265 1105 514 1166 iurisdictionem
529 1106 689 1184 Episcopis
703 1107 881 1181 conferret3
897 1107 977 1183 quod
992 1105 1059 1183 ipsa
1074 1125 1112 1166 ea
1126 1124 1181 1168 ra·

215 1201 299 1260 tione
320 1205 460 1260 veterem
483 1219 585 1273 usum,
607 1200 697 1260 iuxta
719 1219 809 1278 quem
834 1201 1074 1278 Metropolitani
1103 1200 1182 1260 mis-

214 1294 332 1355 sionem
347 1299 381 1355 et
393 1293 662 1355 confirmationem
677 1294 901 1372 impertiebant
913 1293 1074 1372 Episcopis
1086 1295 1180 1354 abro-

214 1389 319 1467 garit3
342 1391 421 1466 quod
442 1388 585 1466 Episcopi
607 1388 752 1447 canonice
773 1386 860 1447 missi
873 1393 906 1446 et
920 1387 1058 1448 ordinati
1072 1391 1180 1449 aucto-

213 1483 343 1544 ritatem
365 1499 463 1554 suam,
488 1482 549 1542 nisi
571 1481 690 1541 iudicio
710 1481 881 1555 Ecclesiae,
897 1484 954 1542 aut
967 1501 1023 1559 per
1037 1482 1180 1559 resigna·

214 1575 333 1638 tionem
354 1595 372 1636 a
393 1577 521 1636 Summo
544 1575 697 1634 Pontifice
718 1579 922 1652 acceptatam,
946 1576 1095 1636 amittere
1116 1594 1178 1634 non

214 1669 351 1747 possint3
373 1672 495 1728 etcum
516 1668 663 1729 viderent
684 1687 784 1728 meam
805 1669 918 1746 agendi
940 1671 1098 1729 rationem
1119 1671 1181 1729 Ec·

213 1762 328 1822 clasiae
355 1759 545 1822 anctoritate
576 1761 756 1838 neutiquam
785 1746 910 1836 fnlciri,
939 1779 1050 1822 verum
1072 1763 1179 1839 potius

212 1855 382 1914 Ecclesiam
394 1873 511 1926 omnes,
523 1872 601 1930 quac
613 1860 679 1914 tum
692 1855 886 1928 ecciderunt,
896 1855 1054 1916 novitates
1066 1859 1177 1931 aperte

215 1947 369 2021 aversari,
393 1954 478 2008 recte
500 1949 719 2008 concluserunt
741 1967 789 2007 me
810 1953 843 2008 et
864 1949 1004 2026 eos,.qni
1025 1948 1104 2008 mihi
1125 1951 1181 2010 ad·

213 2039 404 2114 haerebant,
431 2041 498 2100 eius
524 2040 709 2101 auctoritati
732 2041 868 2101 rebelles
897 2059 975 2100 esse.
1000 2040 1179 2118 conscripsi

215 2133 477 2196 «Catachismum
508 2137 731 2194 momentosnm
760 2133 934 2194 christiane
961 2133 1178 2210 politicnm;n

214 2227 387 2288 debuissem
402 2228 518 2288 dicere:
533 2246 552 2288 ι
567 2229 694 2306 politice
708 2227 935 2302 christianum
949 2245 968 2286 a
983 2233 1054 2287 nam
1069 2245 1179 2304 scopus

214 2320 281 2380 eius
302 2321 413 2397 scripti
435 2323 517 2392 erat,
540 2321 737 2398 Religionem
758 2325 827 2382 lesu
848 2321 969 2384 Christi
992 2323 1030 2381 ad
1055 2321 1179 2382 Consti·

213 2413 369 2472 tutionem
381 2412 576 2474 Gallicanam
588 2415 834 2483 accommodare,
848 2417 881 2472 et
893 2431 1038 2489 magnum
1051 2413 1178 2472 revela-¹

212 2505 309 2567 tionis
337 2523 474 2567 amorem
503 2507 668 2584 inspirare,
698 2508 733 2566 In
762 2525 797 2567 ec
826 2507 962 2567 conabar
987 2505 1177 2584 praesertim

213 2602 390 2673 ostendere,
405 2602 484 2678 quod
503 2601 727 2662 «constitutio
748 2601 861 2662 Civilis
883 2599 969 2662 Cleri
982 2617 1001 2659 ›
1016 2598 1177 2676 Religioni

214 2711 343 2770 prorsus
371 2693 450 2752 nihil
478 2695 684 2766 adversetur,
706 2693 768 2752 imo
791 2694 948 2754 Ecclesiae
974 2691 1177 2769 primitivum

212 2787 353 2846 decorem
383 2786 546 2846 restituat.
576 2784 715 2852 Quilibet
742 2785 985 2846 constitutionis
1017 2784 1175 2844 articulus

212 2878 378 2938 horrorem
401 2879 540 2939 excitare
561 2878 594 2936 in
616 2896 664 2937 ms
686 2879 859 2960 debuisset,
889 2897 945 2955 ego
972 2882 1078 2938 tamen
1107 2871 1177 2936 eam

213 2972 384 3031 universim
399 2972 588 3048 conformem
604 2991 670 3032 esse
685 2971 757 3030 fidei
768 2971 925 3032 Ecclesiae
937 2970 1174 3030 contendebam.

212 3065 321 3125 Novae
343 3063 429 3138 leges
450 3063 630 3123 Gallicanae
652 3063 890 3140 proscribebant
911 3069 986 3124 vota
1011 3063 1177 3138 solemnia,

212 3155 484 3231 reprehendebant
499 3156 685 3215 exercitium
697 3157 898 3216 consiliorum
910 3155 1177 3233 evangelicorum,-

213 3265 271 3324 ego
293 3263 368 3306 vero
383 3245 624 3306 temerariorum
646 3247 777 3309 istorum
798 3251 995 3309 decretorum
1018 3249 1179 3309 executio-

213 3357 284 3400 nem
305 3339 560 3416 prcnunciabam,
575 3359 641 3400 esse
659 3359 737 3419 opus
755 3343 853 3419 ipsius
874 3341 942 3416 Dei,
958 3347 1117 3418 tamquam
1131 3343 1179 3400 di·

213 3433 363 3510 sciplinae
385 3430 614 3492 ecclesiasticae
635 3432 909 3495 instaurationem.-

271 3523 367 3587 Oivili
388 3523 622 3586 Constitutione
641 3526 726 3586 Cleri
741 3527 832 3588 novis
845 3527 1005 3605 Episcopis
1019 3525 1179 3604 praescri-
