2606 4268
654 321 692 335 —
716 289 774 350 124
797 322 834 334 -

262 397 425 477 episcopis,
440 399 474 456 et
490 391 681 456 'dioecesium
698 396 1011 457 administratoribus
1029 395 1234 476 prorogatio-

264 512 334 553 nem
346 491 483 552 omnium
492 491 747 568 singularumque
758 492 1084 552 extraordinariarum
1094 490 1235 552 faculta-

264 587 431 662 tum‚quae
446 583 477 642 in
493 585 752 660 praecedentibus
764 584 1231 661 Induitiscomprehenduntur;

266 679 357 755 idque
379 677 521 737 concedit
542 677 652 737 iisdem
679 677 801 756 legibus
823 681 856 738 et
876 678 1125 750 conditionibus,
1148 696 1233 754 quae

265 771 421 849 prioribus
443 770 576 830 Induitis
591 770 721 830 fuerunt
741 771 915 848 appositae,
931 790 1069 849 quaeque
1086 773 1234 832 declara·

266 867 319 925 tae
339 863 468 923 fuerunt
489 863 520 922 in
542 863 767 940 prorogatione
789 864 850 924 diei
874 864 912 925 10
933 865 1111 925 Decembris
1134 865 1229 924 1792.

325 957 473 1024 Quoniam
497 973 573 1015 vero
589 957 772 1032 praeteritis
794 957 986 1034 temporibus
1000 957 1116 1018 factum
1130 975 1234 1033 quan·

266 1051 365 1126 doque
385 1053 452 1123 est,
477 1053 512 1109 ut
533 1049 647 1126 aliquis
668 1051 848 1127 episcopus,
871 1057 927 1110 aut
949 1051 1089 1111 vacantis
1109 1050 1234 1111 dioece-

266 1145 309 1205 sis
337 1143 577 1206 administrator
605 1144 643 1203 ob
671 1144 806 1204 liberum
830 1145 1068 1204 tabellariorum
1099 1161 1231 1203 cursum

265 1237 493 1315 praepeditum,
506 1236 649 1298 Litteras
661 1237 848 1298 facultatum
864 1238 1115 1316 prorogationem
1128 1236 1233 1296 conti-

267 1333 377 1390 nentes
399 1330 537 1406 recipere
553 1334 692 1406 tempore
713 1334 886 1407 opportuno
901 1349 959 1389 non
976 1331 1126 1408 potuerit,
1141 1348 1234 1390 eam-

266 1441 325 1500 que
347 1423 385 1482 0b
406 1440 472 1482 rem
492 1423 524 1481 in
547 1441 666 1483 summa
687 1441 793 1482 rerum
815 1423 961 1499 angustia
982 1427 1015 1482 et
1042 1422 1233 1483 difficultate

266 1504 410 1577 uersatus
431 1516 542 1588 fuerit;
565 1516 637 1576 hinc
658 1518 765 1576 eadem
788 1515 946 1576 Sanctitas
967 1517 1049 1588 Sua,
1072 1520 1109 1576 ut
1129 1514 1232 1574 simili

266 1608 298 1668 in
320 1605 477 1687 posterum
499 1608 690 1668 incommodo
713 1613 881 1685 occurrat,
905 1609 1065 1682 omnium,
1089 1607 1234 1685 singula-

268 1720 398 1778 rumque
420 1703 746 1762 extraordinariarum
766 1703 952 1764 facultatum
976 1721 1074 1780 nuper
1091 1719 1231 1762 comme·

266 1799 460 1854 moratorum
475 1797 730 1874 prorogationem
745 1799 888 1858 concedit
903 1816 961 1856 non
984 1799 1020 1856 ad
1036 1797 1159 1873 aliquod
1178 1795 1233 1852 de-

266 1887 390 1948 linitum
412 1891 553 1966 tempus,
570 1892 621 1949 sed
644 1893 842 1967 quoadusque
863 1891 902 1952 ab
923 1893 1029 1950 eadem
1051 1888 1232 1950 Sanctitate

267 1981 330 2040 Sua
351 1984 552 2042 revocentur.

326 2078 440 2136 Datum
473 2095 511 2136 ex
544 2078 684 2138 Aedibus
717 2077 880 2154 Vaticanis
918 2078 967 2137 die
995 2079 1025 2138 X
1051 2079 1234 2139 Decembris

269 2171 471 2234 MDOOXGV.

724 2265 768 2348 pr,
784 2265 824 2324 X.
844 2263 941 2326 Card.
958 2267 996 2326 de
1009 2266 1146 2326 Zeluda.

641 2433 845 2490 xxxvn.

581 2552 774 2595 venerantum
794 2553 915 2598 naarai

505 2684 759 2744 ALEXANDRO
782 2685 986 2745 ANGELICO

527 2831 773 2908 Arcbiepimopo
794 2831 970 2892 Rhemensi

478 2983 885 3064 PIUSPAPA
939 2985 1007 3062 Vl.

380 3144 468 3201 ven.
490 3143 624 3214 Frater,
646 3143 797 3203 Salutem
820 3149 854 3203 et
876 3145 1112 3228 Apoctollcam
1176 3227 1178 3232 Ι

599 3243 894 3302 Benedictionem.

329 3379 478 3440 Reddidit
498 3381 597 3442 Nobis
615 3382 813 3442 Venerabilis
833 3384 949 3444 Frater
969 3385 1157 3446 Franciscus
1171 3388 1235 3448 Ar-

269 3471 481 3551 chiepiscopus
502 3474 670 3546 Albiensis‚
688 3474 814 3535 litterae
835 3476 1063 3538 Fraternitatis
1085 3481 1158 3539 tuae
1181 3470 1234 3540 die

269 3566 288 3626 8
308 3569 486 3628 Decembris
507 3571 607 3643 datas,
630 3585 705 3646 quas
726 3572 759 3628 et
780 3569 975 3644 perlibenter
995 3570 1181 3648 accepimus,
1198 3575 1235 3634 e't
