2582 4270
656 311 694 324 ..
716 281 757 342 42
778 311 815 324 ..

124 449 128 455 ,
251 386 408 464 repellere
428 389 554 463 apertas
581 385 852 462 formidandasquc
879 386 1019 446 hostium
1040 383 1141 457 vires,
1165 386 1220 444 sed

252 484 286 540 et
306 481 392 541 dolos
412 480 601 559 insidiasque
623 498 747 552 cavere,
763 481 873 558 quibus
894 498 954 540 non
969 479 1072 539 minus
1093 477 1143 538 illi
1164 499 1222 541 va·

251 573 332 649 lent,
348 575 524 636 debeamus.
540 575 647 636 Omnis
661 575 918 636 intercludendos
932 577 981 635 est
994 574 1100 635 aditus
1115 573 1222 650 impiis

252 685 360 728 eorum
376 667 541 742 doctrinis,
556 685 661 728 omnes
675 667 873 746 repellendae
888 667 1077 745 perfidarum
1092 669 1220 726 senten-

252 760 371 822 tiarum
391 759 556 834 fallaciae,
579 779 615 822 ac
642 761 904 839 interponendum
936 764 985 822 est
1012 763 1221 836 accurateque

196 869 199 875 '
252 856 401 915 tuendum
423 855 575 931 quoddam
598 855 688 915 velut
709 855 830 914 vallum
851 854 966 915 insitae
987 853 1020 912 in
1042 852 1156 913 animis
1171 869 1222 912 re-

251 950 391 1027 ligionis„
408 968 444 1009 ac
458 949 514 1010 Dei
529 950 655 1010 timoris
676 949 955 1027 propugnaculum.
981 951 1027 1010 Ac
1053 951 1090 1008 ut
1113 947 1221 1007 omnia

252 1044 328 1115 tibi,
352 1047 466 1119 tuoque
488 1044 613 1121 populo,
630 1043 853 1120 universaeque
873 1042 1036 1103 Sardiniae
1058 1059 1157 1119 regno
1178 1059 1221 1100 ex

250 1153 346 1198 verae
378 1136 507 1212 pictatis
539 1136 652 1196 studiis
681 1153 829 1212 prospere
861 1135 1058 1213 feliciterque
1090 1137 1218 1206 cedant,

251 1230 452 1308 apostolicam
477 1229 727 1291 benedictionem
749 1230 963 1290 Fraternitati
985 1235 1070 1303 tuae,
1090 1229 1223 1288 univer·

251 1316 354 1400 sisque
376 1327 442 1384 tam
463 1324 677 1384 benemeritis
698 1324 832 1402 populis,
848 1325 880 1383 in
894 1326 1030 1385 Nostrae
1044 1323 1140 1383 etiam
1162 1339 1221 1398 pa-

250 1415 359 1476 ternae
374 1417 611 1479 benevolentiae
633 1417 937 1495 existimationisque
957 1418 1081 1495 pignus,
1096 1434 1136 1474 ex
1150 1415 1222 1474 ani·

250 1526 301 1568 mo
321 1527 357 1569 ac
378 1515 578 1586 peramanter
600 1511 812 1588 impertimur.

311 1604 426 1662 Datum
448 1605 563 1663 Romae
585 1605 665 1680 apud
689 1606 722 1664 S.
739 1605 874 1665 Mariam
894 1603 1059 1676 Maiorem,
1081 1603 1139 1662 sub
1160 1621 1220 1662 au-

251 1695 325 1755 nulo
347 1694 532 1769 Piscatoris,
548 1695 597 1755 die
622 1697 730 1756 XXXI
744 1696 880 1773 Augusti
901 1697 1120 1769 MDOGXGIII,
1136 1696 1222 1755 Pon-

249 1788 389 1848 tificatus
402 1789 511 1851 Nostri
531 1807 611 1850 anno
631 1791 719 1850 XIX.

828 1883 1024 1944 Benedictus
1042 1881 1137 1959 Stay.

671 2037 785 2096 Vffl.

610 2163 749 2207 omaorrs
770 2163 861 2208 rinus

442 2299 639 2359 BAIULIVO
670 2299 723 2358 ΕΤ
755 2298 1017 2390 ORATORIBUS

382 2430 509 2509 Septem
528 2431 754 2494 Deceanarom
774 2433 912 2494 Patriae
930 2433 1075 2493 Valeriae

480 2575 865 2702 PIUS'PAPA
908 2576 977 2655 Vl.

368 2746 498 2805 Dilecti
517 2745 614 2817 Filii,
637 2747 788 2805 Salutem
806 2750 841 2804 et
854 2747 1090 2816 Apostolioam

583 2846 880 2904 Benedictionam.

309 2991 392 3056 Quae
413 2990 552 3067 plurima
571 2992 690 3053 Nostra
711 2996 782 3052 erat
802 2993 839 3051 de
861 2996 986 3068 vestra,
1009 2993 1119 3055 dilecti
1140 2995 1219 3071 filii,

247 3082 402 3160 religione
421 3084 631 3158 existimatio,
647 3085 776 3144 eandem
799 3104 879 3145 nunc
893 3087 1066 3164 praeclaris
1088 3090 1218 3150 meritis

247 3175 296 3236 ita
315 3177 462 3250 auxistis,
480 3181 515 3237 ut
536 3176 624 3236 robis
638 3179 837 3253 nominatim,
853 3184 1039 3258 vestraeque
1060 3183 1217 3259 reipubli-

247 3287 300 3330 cae
321 3287 381 3328 non
403 3269 504 3328 solum
525 3271 729 3348 apostolicam
751 3275 1061 3348 commendationem,
1079 3279 1131 3336 sed
1147 3278 1218 3336 sin-

247 3361 390 3440 gularem
422 3362 517 3422 etiam
547 3365 724 3440 gratiarum
755 3366 910 3426 actionem
942 3369 1051 3428 deberi
1078 3371 1218 3431 aNobis

248 3472 461 3532 agnoscamus.
476 3456 542 3516 Hoc
563 3456 695 3517 officium
716 3458 807 3518 vobis
828 3475 884 3534 per
905 3460 996 3522 hasce
1017 3461 1145 3522 litteras
1166 3463 1220 3522 lu-

247 3547 461 3608 culentissimo
483 3566 557 3609 sane
577 3549 683 3610 animo
711 3551 938 3628 persolvimus,
960 3555 1040 3632 quod
1062 3553 1217 3615 nimirum
