2624 4260
507 269 686 330 -197-

109 373 235 436 violata
255 374 328 435 iura
349 376 516 436 defendere
538 395 573 436 ac
595 375 679 435 tueri
702 377 858 448 debemus,
878 393 918 434 ex
938 377 1079 436 Romana

107 467 192 526 Sede
207 467 312 542 eiecti,
329 473 362 530 et
375 468 407 528 in
423 469 543 529 alienas
559 471 662 529 terras
677 468 883 546 commigrare
906 466 1077 543 compulsi»

107 565 208 639 atquo
229 563 287 620 hoc
313 549 651 624 in'Garthusianorum
683 562 829 622 coenobio
854 563 999 637 detenti,
1022 581 1077 622 nec

105 674 169 733 per
182 659 387 734 apostolicam
402 659 625 720 auctoritamm
640 662 731 719 tanta
744 659 828 718 mala
842 657 1005 735 impedire,
1021 679 1077 720 nec

107 751 287 812 reclamare
309 756 420 814 contra
446 757 568 813 tantam
589 769 658 811 cum
680 753 885 812 humanorum
908 756 976 812 tum
998 753 1078 812 divi-

107 862 223 904 norum
245 844 362 905 iurium
384 846 650 908 conculcationem
672 863 850 922 possumus,
872 845 946 922 quin
968 864 1078 906 verea-

106 957 184 998 mur
199 958 248 1013 ne,
264 941 300 998 ob
317 941 437 1001 tantam
464 940 624 1000 hominum
642 939 835 1016 impietatem
856 957 892 999 ac
913 941 990 1012 vim,
1007 959 1077 1017 gra·

106 1034 204 1094 viora
224 1034 342 1093 exinde
368 1035 504 1094 malain
525 1036 697 1095 Ecclesiam
725 1034 982 1112 Religionemque
1011 1037 1077 1096 uni-

107 1144 236 1186 versam
263 1127 328 1186 sint
357 1127 491 1187 oritura.
514 1131 583 1188 Non
613 1129 772 1187 tamenin
803 1127 900 1188 tantis
926 1129 1075 1205 periculis

107 1219 213 1280 defuit
239 1221 398 1282 Ecclesiae
430 1240 503 1282 suae
524 1225 624 1282 Deus:
648 1224 869 1297 praeterquam
890 1225 971 1298 quod
992 1223 1075 1282 enim

107 1315 235 1374 tantam
263 1315 448 1374 firmitatem
481 1315 722 1374 Venerabilibus
750 1315 917 1375 Fratribus
948 1318 1076 1378 Nostris

107 1406 239 1480 indidit,
255 1411 373 1484 quanta
394 1425 445 1466 eos
466 1410 627 1483 praestare
649 1425 771 1466 necesse
785 1409 855 1467 erat
876 1411 914 1469 ad
935 1409 1076 1471 infinitas

103 1501 181 1562 illas
204 1519 370 1561 aerumnas
398 1503 496 1562 alacri
527 1502 630 1562 animo
657 1503 853 1562 sustinendas
873 1521 949 1579 quas
970 1505 1074 1564 subire

105 1597 210 1655 coacti
225 1601 309 1668 sunt,
327 1597 374 1656 ita
388 1597 484 1656 etiam
507 1597 615 1656 divino
637 1615 691 1656 suo
707 1595 826 1656 auxilio
847 1596 980 1656 debilem
995 1598 1074 1656 hanc

108 1693 307 1750 senectutem
328 1692 476 1751 Nostram
499 1689 692 1750 sustentavit
713 1708 749 1748 ac
770 1689 868 1761 rexit,
892 1692 929 1749 ut
949 1707 1008 1748 non
1025 1708 1073 1748 so·

104 1783 173 1842 lum
195 1783 294 1842 tantis
317 1785 383 1844 Nos
405 1783 561 1843 Ecclesiae
589 1783 681 1842 malis
710 1785 896 1860 superstites
924 1801 1071 1857 essemus,

103 1875 338 1936 verumetiam
361 1880 398 1936 ut
418 1877 546 1936 caelesti
573 1879 677 1954 gratia
703 1876 879 1936 confirmati
902 1879 1007 1936 tantos
1027 1878 1074 1937 la-

104 1969 197 2028 bores
219 1972 403 2028 constanter
424 1971 590 2046 perferre,
612 1971 695 2031 acsi
718 1971 820 2030 minus
842 1971 1070 2047 praesentibus,

103 2061 224 2122 futuris
244 2063 358 2122 saltem
379 2065 536 2124 Ecclesiae
558 2063 707 2140 periculis
729 2064 832 2140 aliquo
853 2065 944 2122 modo
967 2065 1073 2140 provi·

105 2159 181 2216 dere
203 2175 374 2233 possemus.
391 2159 542 2224 Quoniam
564 2176 641 2216 vero
662 2161 699 2217 ad
723 2177 819 2217 novos
840 2175 928 2218 casus
951 2161 1073 2233 tempo-

106 2267 179 2308 rum
201 2267 356 2308 novorum
377 2250 578 2309 consiliorum
593 2250 734 2309 rationes
749 2253 821 2308 sunt
843 2251 1072 2309 accommodan-

104 2344 176 2415 dae,
192 2360 286 2418 quum
307 2344 370 2402 Nos
385 2345 514 2420 propter
529 2361 565 2404 ea
581 2361 660 2402 nova
674 2343 756 2403 mala
770 2360 848 2420 quae
869 2345 980 2401 contra
999 2360 1072 2418 apo·

105 2436 252 2496 stolicam
267 2436 449 2498 libertatem
461 2438 643 2496 acciderunt
657 2437 705 2497 his
721 2455 830 2496 novem
845 2436 1003 2496 mensibus
1017 2421 1072 2513 qui

102 2529 267 2588 consecuti
288 2532 374 2602 sunt,
390 2529 551 2590 videamus
572 2531 610 2590 ad
631 2530 795 2591 electionis
818 2529 963 2606 pericula
984 2546 1073 2605 prae·

103 2624 245 2684 cavenda
260 2641 320 2682 non
343 2624 420 2683 satis
435 2641 501 2682 esse
519 2641 606 2699 posse
621 2642 658 2683 ea
671 2624 811 2682 remedia
831 2642 908 2700 quae
925 2627 1000 2682 tunc
1014 2641 1071 2699 per

104 2715 264 2792 praefatas
293 2717 425 2776 Nostrae
453 2716 580 2776 litteras
609 2716 802 2793 praescripta
833 2716 944 2788 fuere;
969 2716 1070 2774 auctis

103 2809 189 2868 enim
217 2808 374 2868 Ecclesiae
406 2808 663 2881 difficultatibus,
693 2810 782 2869 novis
815 2808 1070 2886 derogationibus

105 2907 250 2978 tempora
270 2901 431 2978 indigent,
455 2921 493 2960 ne
515 2900 679 2960 Pontificis
708 2902 823 2961 electio
852 2902 1068 2978 perturbetur,

104 3013 175 3054 cum
198 2995 297 3070 magis
318 2997 528 3070 quaerendum
548 2995 591 3054 sit
605 2995 702 3054 Nobis
724 2999 759 3054 ut
779 2995 920 3064 faciliter
935 2999 969 3054 et
990 2996 1070 3056 cele-

104 3088 187 3147 riter
201 3087 344 3164 eligatur
359 3091 515 3149 Romanus
529 3087 689 3160 Pontifex,
700 3107 791 3164 quam
807 3091 842 3148 ut
857 3089 992 3150 servatis
1007 3090 1069 3150 rite

101 3180 308 3240 caeremoniis
329 3185 362 3240 et
388 3181 642 3242 solemnitatibus
673 3181 834 3258 eligatur,
858 3199 991 3257 quarum
1020 3183 1069 3243 his

104 3273 291 3351 praesertim
313 3275 505 3351 temporibus
527 3275 615 3334 nulla
635 3274 741 3335 forsan
763 3275 845 3334 ratio
867 3275 977 3334 haberi
998 3279 1067 3352 pot·

103 3370 170 3440 ost3
193 3369 281 3427 motu
303 3369 428 3446 proprio
450 3372 484 3429 et
504 3365 543 3428 o'x
565 3371 654 3428 certa
675 3368 820 3442 scicntia,
836 3387 872 3430 ac
887 3370 924 3428 dc
946 3372 1068 3446 aposto·

103 3460 186 3519 licae
199 3461 367 3535 potestatis
382 3461 589 3538 plenitudine,
606 3461 690 3520 iniis
704 3464 828 3520 tantum
843 3462 978 3522 comitiis
989 3482 1067 3540 quaa

104 3554 142 3632 dc
156 3553 308 3613 Pontiflce
330 3555 474 3632 eligendo
495 3555 598 3631 prima
620 3559 690 3632 post
712 3555 830 3614 obitum
850 3557 1003 3616 Nostrum
1017 3557 1067 3618 fu·
