2624 4260
459 251 497 264 -
523 217 581 279 185
603 250 640 263 --

64 325 127 386 iam
150 325 285 386 maiores
306 326 530 386 tribulationes
544 326 684 404 perferre
706 325 926 397 desideremus,
944 329 1032 386 dnm-

64 420 156 477 modo
179 422 212 476 at
232 421 363 496 propter
384 419 559 492 iustitiam,
583 424 615 480 et
637 425 766 497 propter
794 419 954 480 Christum
979 439 1032 480 eas

65 511 208 588 perferre
229 513 405 584 debeamus,
423 517 456 572 et
480 517 530 572 tot
554 515 642 574 hisco
653 515 812 574 laboribus
828 532 888 572 non
910 516 946 573 ad
964 515 1033 574 ani-

66 624 134 665 mae
155 607 291 666 Nostrae
306 607 489 690 iuteritum‚
506 609 557 666 sed
580 611 618 668 ad
632 608 881 668 emendationem
902 627 938 668 ac
959 627 1033 684 pro-

66 698 224 758 bationem
245 701 411 772 Nostram,
434 705 592 777 tamquam
614 701 692 760 Filii
713 705 775 761 Deo
797 721 857 760 non
880 702 1030 778 despecti,

64 811 280 854 exerceamur.

127 887 215 954 Quod
237 889 264 946 si
287 907 347 947 non
369 889 528 964 peculiare
548 889 701 949 Nostrum
724 891 957 960 tantummodo,
980 891 1032 950 sed

65 999 227 1041 commune
250 984 345 1042 etiam
366 983 524 1043 Ecclesiae
544 984 657 1041 bonum
679 977 928 1050 consideremus,
946 986 1033 1044 deest

66 1095 103 1134 ne
125 1077 224 1137 Nolis
244 1095 304 1152 quo
326 1079 362 1135 ad
386 1095 439 1136 aas
465 1076 665 1136 calamitates
688 1095 745 1134 non
775 1077 873 1134 solum
896 1078 1033 1136 inomni

64 1171 242 1246 patientia,
269 1189 379 1229 verum
401 1171 497 1230 etiam
519 1170 631 1248 gaudio
659 1173 692 1228 et
713 1169 889 1246 gratiarum
911 1173 1033 1231 actione

63 1264 265 1325 sustinendas
276 1264 397 1325 animos
409 1267 544 1326 Nostros
556 1266 714 1340 erigamus
724 1265 736 1322 l
747 1267 815 1325 Non
829 1265 850 1323 ii
871 1283 925 1324 vos
940 1266 1031 1336 estis,

64 1359 271 1417 Venerabiles
297 1359 441 1431 Fratres,
465 1361 517 1434 qui
541 1359 812 1420 docendiaNobis
835 1358 917 1430 sitis,
940 1377 1033 1435 quam

63 1453 180 1511 alienis
208 1459 300 1530 atque
336 1456 412 1512 adeo
442 1471 534 1528 quam
563 1451 804 1511 abhorrentibus
832 1453 870 1512 ab
899 1453 1034 1510 humana

64 1546 190 1604 ratione
202 1545 352 1615 consiliis
366 1545 403 1604 ad
417 1546 691 1604 demonstrandam
703 1544 947 1620 omnipotentiae
959 1563 1032 1604 suae

64 1639 150 1711 vim,
174 1640 227 1716 qui
255 1639 381 1698 infirma
408 1639 515 1698 mundi
544 1640 653 1716 eligit,
670 1645 706 1698 ut
727 1639 895 1698 confundat
916 1639 1030 1712 fortia,

63 1733 237 1792 Ecclesiam
259 1751 344 1791 suam
373 1732 592 1804 constituerit,
617 1750 744 1808 eamque
767 1735 803 1791 ad
827 1734 923 1804 hanc,
940 1751 1030 1810 quam

65 1825 231 1896 miramur,
248 1826 485 1902 amplitudinem
507 1825 645 1885 auxerit.
669 1825 764 1884 Scitis
783 1843 856 1884 sane
872 1831 908 1884 ut
922 1845 940 1884 a
954 1827 1032 1886 Cru-

64 1937 118 1984 ce,
141 1923 236 1994 atque
259 1937 277 1976 a
305 1919 467 1994 suppliciis
494 1919 641 1991 initia,a
662 1919 854 2007 contumelia
876 1920 1030 1994 gloriam,

64 2013 102 2072 ab
118 2030 263 2071 errorum
279 2012 417 2070 tenebris
433 2014 545 2086 lucem,
562 2013 599 2071 ab
615 2012 845 2088 oppugnatione
861 2013 1032 2071 incremen-

64 2111 118 2178 ta,
140 2125 160 2165 a
181 2106 314 2165 iacturis
335 2125 377 2183 ac
398 2107 537 2166 cladibus
566 2106 774 2166 stabilitatem
802 2123 870 2163 eam
891 2105 1033 2164 voluerit

64 2199 199 2269 habere,
217 2206 253 2256 ut
281 2217 448 2276 numquam
471 2219 507 2260 ea
523 2200 623 2276 magis
645 2199 784 2276 gloriosa
805 2198 923 2271 fuerit,
940 2217 1031 2275 quam

63 2308 134 2348 cum
157 2291 260 2349 minus
291 2292 460 2368 gloriosam
483 2309 550 2350 eam
578 2293 698 2352 efficere
720 2291 858 2350 homines
888 2295 961 2350 sunt
982 2309 1033 2349 co-

64 2384 145 2456 nati,
163 2402 329 2460 numquam
351 2385 452 2461 magis
473 2403 599 2456 secura,
615 2403 707 2462 quam
729 2403 798 2443 cum
821 2385 1033 2443 vehementio-

64 2477 155 2536 ribus
176 2478 428 2554 persecutionum
451 2479 599 2554 prccellis
620 2478 827 2555 periculosius
841 2477 903 2536 fuit
917 2477 956 2536 ab
970 2477 1033 2535 ini-

63 2574 154 2632 micis
175 2573 238 2632 suis
252 2573 386 2649 agitata.
406 2573 504 2638 Quam
525 2574 562 2632 ob
584 2590 708 2632 causam
731 2572 844 2630 merito
865 2570 1031 2631 Noemicac

63 2669 114 2727 illi
135 2669 237 2727 Areae
258 2687 277 2727 a
297 2667 413 2726 sanctis
434 2669 584 2726 Patribus
605 2671 818 2743 comparatur,
835 2683 912 2740 quae
928 2683 964 2722 eo
980 2681 1032 2722 se-

64 2753 171 2820 curius
185 2779 279 2838 super
300 2762 519 2838 naufragantis
540 2763 625 2821 orbis
647 2764 729 2821 unda
759 2759 955 2835 assurgebat,
971 2775 1031 2834 qno

64 2854 295 2914 iurentioribus
323 2855 472 2913 imbrium
505 2872 540 2914 ac
575 2857 744 2914 ventorum
773 2851 894 2910 viribus
922 2851 1030 2922 obrui,

63 2949 265 3024 demergique
288 2948 465 3008 videbatur.
482 2949 589 3011 Nostis
611 2948 707 3007 etiam
723 2947 979 3022 quemadmodum
995 2963 1032 3003 ea

64 3043 263 3102 continenter
292 3058 347 3116 per
375 3059 471 3101 annos
500 3045 658 3100 trecentos
687 3044 820 3111 vexata,
842 3039 1030 3098 facultatum

65 3138 204 3214 rapinas,
220 3135 437 3207 contumelias,
450 3153 620 3205 carcerem,
637 3138 775 3206 catenas,
790 3135 897 3206 exilia,
910 3151 1030 3204 cruces,

64 3232 225 3302 flammas,
258 3228 456 3288 carnificinas
486 3246 655 3305 perpessa,
684 3227 874 3287 Pontificum
902 3227 969 3286 fere
998 3247 1033 3286 o-

65 3325 204 3395 mnium,
223 3322 463 3399 Episcoporum,
481 3339 516 3381 ac
538 3325 719 3399 Martyrum
741 3321 936 3380 infinitorum
960 3339 1033 3380 san-

65 3419 158 3494 guine
180 3419 360 3487 cruentata,
376 3415 448 3488 fide,
464 3414 630 3491 patientia,
646 3414 884 3473 mansuetudine
906 3430 963 3470 sua
980 3416 1033 3490 tp-

66 3527 237 3572 rannorum
266 3509 488 3568 crudelitatem
521 3508 745 3581 delassaverit,
776 3505 1032 3584 superstitionem
