2624 4260
105 317 141 360 sa
161 300 338 380 prosperite
358 304 392 365 et
413 317 490 380 pour
511 318 545 362 sa
565 301 678 378 gleire.
702 302 764 366 Jiai
785 304 949 369 l'honneur
968 306 1069 367 d’etre

106 393 235 454 areale
257 393 327 472 plus
349 397 556 471 respectueux
577 395 802 470 attachement,
919 453 922 456 .

188 489 315 566 Mylord
337 489 408 563 dno,

127 641 131 646 ,
256 584 355 643 Votre
373 583 581 644 tres-humile
598 586 632 643 et
647 584 882 648 tresobeissant
901 585 1069 658 servitenr,

536 681 669 756 Dillcc,
693 682 789 744 Aroh.
813 679 850 739 de
871 680 1048 742 Narbonae.

559 887 626 944 Π.

486 997 718 1096 urrsuouu

127 1144 553 1237 nncuiurrsuoronunr
567 1175 619 1237 ar
651 1173 777 1236 uerso.
801 1175 1047 1235 annurnnrnu

163 1268 474 1330 manaurnrno
490 1267 955 1330 ounrsuonxuunnrruu
972 1264 1017 1345 (1)
1052 1271 1053 1274 ¹

388 1425 434 1471 AD
451 1389 598 1474 smum
608 1423 808 1490 Porrimam(

391 1567 629 1648 .PIUM
674 1567 742 1644 Vl.

197 1842 199 1850 Α
266 1766 473 1826 Beatissimo
493 1768 607 1826 Pater.

168 1905 212 1965 Ut
231 1903 368 1981 primum
388 1905 447 1963 hoc
468 1903 599 1964 nefando
620 1902 799 1976 schismate,
815 1906 894 1979 quod
916 1904 996 1980 apud
1012 1921 1067 1963 nos

104 1997 232 2057 invexit
253 1997 311 2058 illa
327 2015 436 2057 recens
449 1997 647 2073 eversionum
669 1997 737 2056 lues
750 2001 815 2056 tam
826 1997 982 2057 altaribus
996 1997 1072 2074 ipsis

106 2111 199 2172 quam
215 2092 302 2152 soliis
323 2109 434 2169 regum
456 2095 489 2151 et
510 2090 652 2168 imperiis
673 2090 896 2165 infensissima,
919 2091 1073 2152 dilacera·
1186 2107 1189 2116 ·

106 2190 174 2246 tam
196 2203 229 2246 se
250 2185 350 2245 sensit
369 2183 512 2245 Ecclesia
533 2183 708 2255 Gallicana,
733 2202 793 2242 non
816 2183 955 2249 stetitin
976 2183 1083 2244 ambi·'

107 2298 190 2358 guo,
209 2279 284 2356 quin
313 2279 457 2356 protinus
477 2279 515 2337 ad
538 2295 629 2351 eum,
650 2277 701 2337 cui
723 2279 872 2344 donatum
892 2279 940 2338 est
960 2278 1074 2347 contir-

107 2391 197 2435 mare
213 2372 330 2433 iratres
346 2390 427 2446 suos,
443 2371 577 2431 tidenter
600 2369 794 2448 confugeret.
811 2373 845 2432 Iu
866 2373 997 2449 paterno
1010 2373 1072 2432 Ve-

107 2470 195 2528 strae
216 2465 405 2527 sanctitatis
433 2464 503 2526 sinn
529 2481 620 2524 ouras
649 2468 682 2525 et
703 2482 835 2543 angores
862 2465 1072 2542 deposuimus,

106 2577 178 2620 cnm
200 2559 380 2619 indubitata
400 2576 465 2636 epe,
479 2560 530 2618 tot
543 2557 628 2617 inter
649 2557 791 2618 dolorum
805 2563 838 2619 et
852 2558 1072 2620 difficultatum

107 2671 230 2727 causas,
245 2653 333 2713 nobis
354 2653 425 2710 inde
448 2669 507 2711 non
529 2651 632 2710 minus
655 2652 784 2734 remedii
805 2669 898 2729 quam
919 2651 1026 2713 solatii
1040 2653 1074 2712 et

107 2747 276 2809 levaminis
296 2745 490 2807 adfuturum.
861 2792 865 2798 .

170 2842 219 2903 Ab
238 2840 279 2900 iis
300 2840 431 2899 fundata
452 2837 554 2898 sancti
574 2837 740 2916 Evangelii
761 2837 976 2914 praeconibus,
996 2853 1073 2914 quos

107 2934 207 3013 primi
227 2933 319 2994 Beati
340 2931 429 2992 Petri
451 2948 643 2991 successores
663 2931 696 2990 in
718 2929 854 2992 Galliam
875 2929 1000 3004 misere,
1018 2947 1073 2988 no-

107 3032 179 3088 stra
204 3027 264 3087 illa
290 3027 486 3087 Francorum
513 3025 653 3086 Ecclesia
678 3043 734 3103 per
766 3043 853 3086 suam
878 3027 1074 3086 constantem

108 3140 181 3182 oum
192 3121 276 3182 Sede
289 3120 472 3198 Apostolica
492 3120 737 3180 communionem
753 3138 852 3197 ‚usque
874 3137 954 3178 nuno
969 3119 1074 3179 innon·

106 3233 200 3275 cussa
220 3211 404 3291 permansit,
420 3215 454 3272 et
474 3230 510 3271 eo
525 3212 609 3272 felici
624 3231 718 3286 nexu,
735 3211 788 3289 qui
811 3212 935 3290 quidem
957 3214 1005 3273 est
1020 3231 1073 3290 ge-

107 3307 224 3368 nuinae
244 3307 423 3369 Catholicae
445 3305 580 3367 unitatis
601 3310 732 3379 tessera,
756 3306 830 3368 fidei
850 3306 1071 3385 integritatem

162 3520 209 3574 ¹(l)
225 3517 282 3566 vid.
294 3531 350 3580 sap.
362 3531 420 3579 paz.
435 3519 490 3568 tat.
