2632 4262
277 389 428 446 erronee,
450 373 489 432 ab
510 371 581 432 aliis
602 388 679 431 vero
700 371 839 449 maligne
867 371 1026 449 adscripta
1046 371 1162 432 fnisset
1183 371 1236 431 ad·

275 465 414 525 haesioni
435 465 611 528 Oardinulis
633 465 666 526 S.
682 466 839 526 Ecclesiae
862 484 942 526 novo
964 465 1014 526 illi
1036 465 1171 526 scelesto
1197 464 1233 524 si-

276 559 416 620 stemati.
438 562 480 620 Et
504 578 618 620 revera
639 579 676 620 ne
701 561 774 620 huin
795 559 963 637 suspicioni
985 559 1116 619 daretur
1130 577 1231 632 causa,

277 652 416 712 debitum
437 656 508 713 erat
527 653 717 713 conditionis
746 671 854 726 meae,
882 669 1104 729 quamcumque
1130 653 1233 730 potius

276 745 427 804 bonorum
449 745 658 820 amissionem,
680 745 839 823 quaelibet
859 763 1008 823 personae
1029 746 1231 820 incommoda,

275 840 308 899 et
325 840 467 915 quamvls
479 841 641 902 molestam
656 840 743 901 vitae
756 839 966 900 conditionem
980 839 1154 916 apostolico
1167 841 1232 899 ani·

254 931 501 1009 'mo-perferre,
524 951 615 1009 quam
635 935 743 999 ,deesse
764 931 1010 1010 obligationibus
1026 950 1063 992 ac
1081 932 1231 1010 dignitati

274 1024 461 1097 GurdineliS‚
477 1026 557 1085 hano
578 1025 747 1087 abdicando
761 1026 793 1086 in
815 1025 882 1086 illis
904 1043 1010 1085 rerum
1024 1024 1182 1086 adiunctis
1195 1027 1232 1086 ob

274 1118 371 1179 vilem
392 1120 537 1180 timorem
558 1118 692 1178 infelicis
713 1119 810 1179 vitae.
912 1157 923 1168 κ

334 1215 418 1274 Haec
439 1213 583 1290 quidem,
605 1231 683 1290 quae
712 1215 787 1272 tunc
814 1214 907 1272 erant
934 1213 1153 1289 perpendenda
1173 1232 1230 1273 non

273 1306 488 1367 consideravi:
502 1306 618 1366 idcirco
628 1323 794 1384 agnoscere
806 1307 901 1365 debeo
911 1349 919 1378 ,
931 1305 1111 1382 permisisse
1122 1310 1230 1382 Deum,

273 1419 377 1463 coram
398 1418 458 1478 quo
479 1404 609 1478 propter
622 1419 706 1460 meas
727 1399 834 1484 culpas
855 1399 1104 1464 emiuentissimae
1124 1401 1232 1460 Eccle-

272 1497 336 1558 siae
365 1495 521 1572 dignItate
546 1512 632 1554 eram
659 1494 816 1570 indignus,
840 1495 877 1552 ut
898 1493 982 1553 oculi
1005 1495 1122 1553 mentis
1147 1513 1231 1554 meae

272 1589 343 1649 velo
364 1590 495 1665 quodam
515 1587 762 1658 abducerentur,
786 1589 820 1646 et
845 1605 881 1646 eo
904 1586 1053 1663 temporis
1075 1591 1230 1647 momento

271 1681 463 1761 gravitatem
483 1683 517 1741 et
530 1681 659 1742 effectus
673 1697 760 1742 meae
774 1680 863 1740 illius
884 1680 1089 1742 abdicationis
1111 1699 1171 1740 non
1186 1680 1232 1740 vi·

272 1776 389 1848 derem3
404 1778 438 1835 et
459 1774 503 1834 sic
524 1793 582 1852 ego
597 1775 664 1852 ipse
684 1793 722 1834 ea
734 1791 783 1832 me
797 1773 957 1851 privarem
975 1773 1155 1850 dignItate,
1170 1793 1231 1851 qna

270 1869 303 1928 in
319 1868 418 1927 oculis
432 1867 500 1928 eius
515 1885 601 1928 eram
623 1867 780 1944 indignus.
797 1866 929 1938 Idcirco,
947 1869 983 1926 ut
995 1866 1110 1926 tollam
1125 1884 1233 1943 quam·

271 1960 321 2022 vis
351 1978 516 2023 erroneam
548 1961 601 2021 vel
632 1961 804 2038 malignam
839 1959 1071 2036 suspicionem,
1102 1959 1153 2018 cui
1181 1977 1232 2019 oo-

271 2054 425 2118 caeionem
457 2053 508 2114 vel
533 2071 657 2114 causam
686 2051 840 2113 abdicatio
865 2069 935 2111 mea
961 2052 993 2110 in
1024 2052 1091 2112 illis
1122 2069 1232 2112 rernm

270 2147 424 2209 adiunctis
437 2146 640 2225 praebuerit,
670 2163 775 2206 eoram
804 2146 981 2206 Sanctitate
1003 2147 1120 2207 Vestra
1153 2145 1234 2205 sole-

210 2293 213 2300 ,
269 2241 386 2316 multer
406 2243 575 2301 condemno
595 2256 734 2300 errorem
756 2257 857 2299 meum
879 2244 913 2300 et
940 2239 1113 2300 indebitum
1136 2239 1233 2300 timo-

268 2352 354 2408 rem,
376 2335 430 2411 qui
451 2351 499 2393 me
520 2335 557 2394 ad
579 2331 748 2394 errandum
766 2332 904 2410 impulit.
921 2331 996 2394 Itius
1011 2333 1135 2394 veniam
1157 2335 1233 2410 peto

267 2443 287 2486 a
313 2429 394 2500 Deo,
419 2444 438 2486 a
465 2443 554 2486 sacro
581 2425 795 2487 cardinalium
821 2426 979 2504 Oollegio‚
1003 2427 1043 2487 ab
1073 2426 1233 2486 universis

267 2519 543 2582 (ibristifldelibus.
563 2520 681 2580 Verum
701 2521 772 2598 post
798 2522 895 2580 mum
923 2520 1003 2580 hanc
1024 2520 1148 2580 veniam
1174 2537 1233 2596 po·

266 2613 421 2675 tissimum
435 2617 538 2691 petoa
556 2613 733 2674 Sanctitate
747 2615 876 2688 Vestra,
892 2613 942 2674 uti
955 2632 974 2674 a
988 2613 1115 2676 Vicario
1130 2613 1231 2676 Obri-

266 2707 308 2768 sti
329 2707 361 2766 in
383 2707 479 2768 terris
501 2710 534 2767 et
555 2705 675 2767 visibili
701 2707 859 2767 Ecclesiae
885 2724 960 2767 auae
978 2705 1107 2783 Oapite,
1131 2707 1231 2782 atquo

263 2800 353 2862 unico
373 2801 601 2864 Oardinalitiae
619 2800 788 2878 dignitatis
809 2800 1006 2877 dispositore.
1021 2803 1109 2861 Hanc
1131 2818 1233 2861 exoro

263 2893 351 2954 humi
371 2897 548 2971 prostratus
568 2893 600 2953 in
614 2892 731 2972 spirItn
746 2893 784 2953 ad
801 2895 924 2954 vestros
937 2891 1153 2954 sanctissimos
1172 2911 1234 2970 pe·

264 2985 329 3058 dos,
340 2986 441 3048 etiam
455 2987 487 3046 in
501 2989 721 3064 argumentum
735 2985 796 3045 mei
810 2986 984 3048 constantis
998 2985 1138 3062 obsequii
1150 3003 1234 3064 erga

263 3093 383 3138 sacram
404 3096 566 3154 personam
579 3077 767 3140 Sanctitatis
790 3079 926 3140 Vestrae
940 3078 988 3139 uti
1005 3077 1126 3138 Summi
1143 3080 1233 3138 Pon-

261 3168 359 3232 tificis
373 3173 493 3250 meique
513 3172 688 3251 Principis,
711 3173 804 3234 simul
825 3173 998 3252 implorans
1018 3173 1229 3234 devotissimo

262 3263 389 3326 fervore
410 3266 612 3343 apostolicam
625 3269 771 3328 Vestram
792 3267 1051 3326 benedictionem.

321 3358 466 3422 Recineti
487 3359 573 3420 XIII.
597 3361 790 3437 Septembris
811 3361 1000 3423 IIDOGGXI.

961 3477 1089 3538 Aulioi.
