2624 4260
479 280 657 340 -157-

82 388 233 449 fiuctibus
243 391 380 465 adeoque
391 388 544 448 violentis
555 389 592 447 ad
606 388 685 446 hanc
697 384 881 462 usquediem
895 384 1047 445 iactatum
1127 461 1133 476 Ι

81 487 143 558 est,
166 489 204 545 ut
227 487 314 546 nulla
335 504 464 564 prorsus
487 488 621 545 humana
642 485 686 557 vi,
707 483 852 556 consilio,
869 483 921 542 vel
937 501 1046 560 opera,

81 579 115 638 ni
135 579 247 640 divina
267 580 462 658 protectione
483 579 696 650 sublevemur,
719 578 792 637 illos
807 578 940 636 evadere
956 595 1045 652 posse
1110 579 1114 586 '

80 671 266 733 sentiamus.-
280 675 387 734 Norae
400 672 484 732 enim
499 688 621 747 semper
636 670 792 746 procellae
806 668 1042 740 excitabantur,

80 764 215 826 timores
229 771 263 826 et
276 766 416 843 pericula
429 764 630 842 ingruebant,
640 763 906 840 aggrediebantur
919 764 1043 834 damna,

80 859 259 936 angustiae,
281 858 491 932 calamitates,
513 863 547 918 et
569 859 639 935 post
658 862 708 916 tot
721 856 896 925 molestias,
913 856 1047 913 nondum

80 951 192 1011 datum
214 952 310 1013 Nobis
330 969 405 1029 pace
427 957 459 1011 et
480 953 585 1029 quiete
600 950 677 1022 frui,
693 967 790 1026 neque
805 949 906 1008 adhuc
921 948 1047 1007 effluxe-

78 1045 161 1102 runt
181 1043 257 1104 haee
279 1044 614 1120 temporanovitatum
629 1061 665 1103 ac
679 1041 820 1102 dolorum
840 1041 1043 1101 feracissima.

78 1230 126 1280 sed
143 1233 184 1278 est
199 1233 284 1280 versio
299 1245 369 1280 nuno
385 1233 518 1280 elaborata
532 1244 564 1278 ex
580 1231 670 1278 italien
680 1243 757 1289 quam
767 1233 930 1278 concinnavit
941 1232 1048 1280 Praesul

78 1310 174 1358 Petrus
189 1307 351 1356 Baldassarri
372 1310 398 1354 et
413 1309 502 1354 retulit
516 1308 544 1354 in
560 1320 634 1366 opere
651 1307 718 1365 quod
733 1307 882 1365 inscripsit:
902 1305 1048 1354 Balesium

78 1382 155 1431 delle
177 1379 308 1430 accersita
324 1382 493 1445 operimenti
516 1381 559 1431 del
581 1381 700 1442 ptorioso
725 1381 776 1428 Pio
802 1380 847 1440 VI
863 1380 941 1440 eapti
956 1379 1048 1429 alcima·

78 1456 154 1506 amai
170 1457 214 1506 del
228 1471 277 1505 sao
290 1456 460 1520 pontificato.
479 1453 597 1505 Modone
613 1455 684 1507 1840.
702 1461 771 1506 Tem.
789 1462 813 1505 2.
830 1471 887 1516 pag.
906 1460 961 1505 220.

144 1533 192 1580 liei
208 1536 293 1581 cutm
309 1533 419 1582 dilucide
436 1534 607 1593 exponendae,
626 1537 701 1593 atque
721 1537 751 1581 ut
765 1535 874 1581 lectores
890 1533 921 1580 de
937 1534 1048 1579 anthen-

76 1611 181 1660 trecate
199 1611 389 1658 constitutionis
404 1611 480 1658 istius
500 1613 569 1658 recte
579 1611 694 1658 iudicare
706 1611 817 1667 valeant,
830 1608 930 1668 expedit
945 1607 988 1655 hio
1003 1619 1048 1654 re-

77 1687 159 1743 ierre,
178 1698 242 1744 quae
257 1684 324 1732 idem
339 1685 519 1734 Baldaesarius
535 1685 563 1732 in
578 1685 709 1742 praedicto
726 1697 800 1744 opere
816 1685 872 1730 loco
889 1683 967 1730 citato
983 1695 1048 1730 nar·

77 1764 130 1809 rat:
152 1780 164 1801 u
176 1763 238 1807 Post
254 1774 285 1808 ea
300 1774 365 1819 quae
382 1761 532 1808 acciderunt
554 1761 593 1806 die
610 1763 641 1808 28
657 1761 804 1808 Decembris
821 1762 890 1817 1797,
908 1760 989 1816 magis
1004 1759 1048 1805 la-

79 1856 92 1878 ·
106 1836 260 1894 crymabiiis
276 1839 393 1884 evaserat
403 1837 514 1884 conditio
526 1838 551 1882 S.
564 1837 637 1883 Sedis
647 1839 673 1882 et
683 1835 764 1883 Urbis*
779 1839 882 1892 Romae,
896 1848 971 1893 qnam
982 1847 1047 1892 quae

79 1929 91 1952 n
108 1911 205 1958 luisset
230 1913 316 1970 elapso
338 1925 425 1959 mense
449 1913 590 1959 Februarii.
609 1915 768 1971 Quapropter
789 1915 874 1960 visum
894 1914 934 1958 est
949 1911 993 1957 Pio
1011 1911 1047 1956 VI

79 2001 160 2036 »non
177 1987 291 2034 sufficere
311 1989 455 2046 praelatum
477 1987 606 2034 decretum
623 1988 708 2046 (quud
732 1987 775 2034 hio
801 1988 918 2046 superius
942 1987 1048 2033 allatum

79 2082 93 2104 n
104 2065 148 2110 est
163 2076 220 2122 pag.
240 2065 296 2120 144)
311 2063 343 2110 ad
359 2062 462 2110 raonem
477 2063 518 2110 sni
530 2064 685 2110 successoris
702 2064 864 2122 electionem
876 2075 964 2110 verum
975 2076 1046 2120 epor-

80 2156 93 2178 η
105 2140 172 2194 tere,
189 2139 220 2183 ut
235 2138 381 2184 solemniori
397 2139 423 2184 et
439 2137 556 2196 ampliori
575 2138 649 2184 modo
665 2139 797 2186 obstacula
813 2139 1044 2196 praeverterentnr,

79 2230 92 2252 n
105 2213 202 2270 quibus
216 2212 317 2258 turbari
332 2213 357 2258 et
373 2211 491 2270 impediri
506 2216 592 2271 posset
608 2215 695 2281 tantae
712 2215 749 2260 rei
772 2215 894 2260 executio.
912 2215 1001 2270 Itaque
1017 2225 1048 2260 ea

79 2307 93 2329 n
104 2289 141 2348 de
155 2303 184 2336 re
199 2289 328 2337 elaborari
342 2290 420 2336 iussit
436 2291 645 2338 constitutionem
661 2291 834 2348 Apostolloam
858 2292 930 2336 cuins
945 2289 1047 2335 initium

80 2381 93 2405 n
104 2366 148 2411 est
167 2361 269 2411 orasti
285 2362 409 2411 Ecclesia
426 2366 515 2422 cuique
532 2365 586 2412 dies
600 2365 756 2413 adscribitur
771 2367 802 2413 80
818 2365 964 2412 Decembris
976 2365 1045 2411 1797.

79 2458 93 2479 n
105 2439 250 2488 Plurimum
266 2440 410 2500 conquisivi
426 2442 568 2499 exemplum
583 2443 737 2488 memoratae
750 2441 947 2488 constitutionis:
958 2452 1048 2488 verum

79 2533 93 2556 a
104 2517 211 2574 propter
228 2518 318 2574 gravia
333 2516 427 2564 damna
443 2517 557 2564 archivis
573 2518 695 2564 Romanis
710 2517 785 2564 illata
800 2517 829 2562 in
844 2517 943 2563 ultimis
959 2528 1048 2574 perse-

79 2592 263 2649 contionibus,
280 2593 330 2638 etsi
346 2593 454 2639 multum
470 2594 496 2638 at
509 2591 552 2638 din
569 2593 757 2652 conquisie1im,
769 2593 885 2638 invenire
900 2594 986 2638 tamen
996 2604 1048 2637 non

79 2685 93 2707 n
104 2667 180 2724 potui
195 2665 246 2713 nisi
261 2681 342 2713 unum
357 2669 499 2726 exemplum
510 2665 700 2714 constitutionis
720 2668 873 2726 praedictae,
885 2667 1048 2724 imperfectae

80 2760 93 2781 n
105 2744 194 2789 tamen
210 2743 364 2798 latinitatis,
382 2743 420 2788 ita
442 2744 472 2788 ut
495 2741 560 2788 iilud
576 2743 679 2789 mallem
701 2744 818 2800 reputare
845 2742 924 2787 terme
941 2741 1048 2798 primam

80 2835 93 2857 n
104 2817 330 2876 perscuptionem„
345 2818 443 2865 Idcirco
460 2831 511 2864 non
527 2817 598 2865 decet
622 2818 687 2866 illud
710 2819 790 2864 latino
816 2828 929 2864 sermone
946 2814 1004 2872 edi,
1022 2815 1049 2860 et

80 2911 94 2933 n
105 2895 192 2940 solum
201 2895 252 2938 hnc
262 2892 374 2940 inseram
389 2895 476 2940 italice
492 2905 610 2940 versum:
624 2893 800 2940 animadverto
811 2895 898 2938 tamen
912 2892 1048 2948 antequam

60 2987 65 2999 ι
81 2988 93 3010 η
105 2968 173 3015 illud
188 2970 369 3026 transcribam,
386 2982 425 3016 me
440 2969 513 3016 nullo
529 2971 603 3027 pacto
620 2969 745 3025 dubitare,
758 2969 820 3026 quin
831 2967 906 3013 Bulla
916 2955 961 3013 seu
979 2968 1048 3014 Ocn-

80 3062 93 3084 »
105 3043 210 3092 stitutio
229 3041 330 3089 Christi
346 3041 492 3102 Ecclesiae,
510 3044 594 3100 qualis
611 3043 765 3090 adamussim
782 3056 798 3089 a
813 3044 858 3090 Pio
870 3045 905 3090 VI
920 3042 979 3088 dnm
989 3054 1047 3087 exn-

80 3137 93 3160 »
105 3119 174 3166 laret
188 3117 222 3164 ad
239 3118 386 3165 cardinales
401 3118 480 3164 missa
495 3119 553 3177 init,
566 3119 638 3177 plene
649 3120 786 3166 conformis
803 3132 855 3165 non
871 3120 946 3174 esset,
964 3115 1048 3175 quoad

81 3197 221 3240 »tenorem
243 3195 453 3256 substantialem,
478 3195 609 3253 exemplo,
627 3194 694 3252 quod
721 3208 736 3241 s
761 3207 801 3241 me
825 3195 958 3242 inventum
974 3194 1046 3240 est.»

80 3271 214 3316 Hactenus
230 3271 419 3316 Baldassarins.
438 3272 500 3319 (inm
516 3271 602 3328 itaque
624 3270 743 3318 libuisset
764 3272 956 3318 monumentum
978 3265 1048 3314 istud

79 3345 108 3391 ln
122 3346 193 3390 hane
216 3345 390 3392 collectionem
416 3345 529 3402 inierre,
547 3344 645 3402 placuit
670 3345 782 3392 eiusdem
807 3345 948 3403 exemplum
962 3343 1048 3389 italice

79 3420 119 3466 uti
132 3433 214 3477 snpra
228 3420 325 3468 editum
336 3420 417 3466 latino
429 3433 544 3468 sermone
555 3419 658 3477 donare,
671 3423 699 3467 nt
709 3421 837 3467 universis
849 3419 962 3466 eiusdem
972 3419 1048 3465 lectio

79 3498 171 3555 pervia
186 3498 213 3543 et
228 3497 313 3544 facilis
329 3499 412 3556 esset;
430 3499 514 3544 versio
532 3499 616 3545 antem
631 3498 705 3544 tanta
722 3510 784 3544 cura
810 3498 914 3555 peraeta
942 3497 999 3552 ast,
1019 3494 1048 3540 nt

80 3573 167 3624 ninus
182 3573 262 3620 latine
278 3585 354 3630 quam
369 3572 453 3620 miuus
470 3571 578 3620 fideliter
593 3571 727 3619 traducere
742 3571 845 3619 iuverit.
926 3631 927 3638 ἵ
