2624 4260
72 428 135 468 non
165 415 313 485 careant,
336 430 414 489 quae
436 411 468 472 in
491 430 543 490 eos
563 430 582 470 a
602 412 699 474 Nobis
721 429 849 472 manare
871 413 986 484 debet,
1008 413 1041 470 et

74 503 143 562 sine
165 522 226 580 qua
247 505 396 582 gregibus
419 505 482 564 suis
505 505 604 565 tantis
626 505 658 564 in
681 505 833 582 perieulis
849 505 936 564 nullo
950 507 1041 564 modo

73 601 206 672 possunt
220 598 399 673 subvenire,
416 617 472 659 vos
488 601 567 658 Ven.
584 601 726 671 Fratres,
740 600 792 677 qui
807 599 919 662 Nuntii
931 599 1041 660 Nostri

73 692 156 767 apud
171 691 333 770 Principes
349 693 437 767 estis,
455 697 488 752 et
503 696 540 753 ad
556 712 593 753 ea
608 694 801 770 expedienda
813 711 890 770 quae
910 712 929 753 a
942 695 970 754 N
974 693 1041 752 obis

74 786 251 846 constituta
272 791 346 846 sunt
366 788 535 864 Delegatos
556 787 752 864 Apostolicos
774 803 829 864 per
844 787 899 847 has
913 786 1041 846 litteras

73 882 209 940 Nostras
230 900 383 954 creamus,
400 883 440 940 iis
455 882 597 966 omnibus
612 881 817 940 facultatibus
832 899 908 958 quas
923 881 954 939 in
970 882 1041 939 sub·

76 975 159 1035 iecto
180 976 324 1052 catalogo
346 975 521 1052 adscriptas
543 974 657 1052 legetis
672 973 719 1032 ita
733 965 1039 1046 munitos'volumus,

79 1071 197 1127 utnon
221 1069 319 1128 solum
342 1069 380 1127 iis
404 1071 450 1128 uti
472 1068 620 1144 vosipsi,
643 1068 871 1127 verumetiam
894 1071 988 1144 prout
1008 1067 1039 1125 in

75 1162 209 1221 Domino
231 1162 320 1222 robis
342 1163 488 1238 expedire
510 1162 681 1234 videbitur,
703 1162 820 1221 Nostro
836 1161 959 1220 nomine
973 1161 1041 1220 sive

76 1272 197 1327 omues,
213 1255 280 1314 sive
295 1256 431 1331 aliquam
447 1257 585 1332 ipsarum
600 1259 722 1332 partem
737 1255 863 1330 possitis
882 1255 1040 1332 Episcopis

74 1349 257 1425 petentibus
279 1349 422 1426 elargiri.
846 1422 848 1429 y

134 1441 277 1518 Illudque
304 1459 481 1518 speramus,
512 1461 581 1501 cum
605 1446 669 1502 tam
693 1447 857 1518 perspecta
879 1443 922 1502 sit
943 1443 1040 1502 Nobis

75 1535 166 1606 fides,
189 1535 301 1610 pietas,
324 1534 468 1593 doctrina
483 1537 549 1592 tum
566 1539 673 1593 vestra
688 1539 754 1594 tum
770 1538 947 1594 ceterorum
969 1535 1041 1612 Epi-

72 1645 252 1704 scoporum,
275 1631 400 1703 tamque
421 1629 622 1704 exploratum
644 1632 875 1689 conservandae
897 1629 1042 1689 ecclesia-

72 1721 172 1780 sticae
188 1719 372 1797 disciplinae
388 1723 538 1794 studium,
554 1741 609 1780 vos
625 1742 685 1780 non
700 1723 892 1799 improvidos
907 1723 1041 1798 dissipa-

65 1818 176 1887 tores,
196 1815 247 1873 sed
261 1817 367 1872 cautos
378 1817 411 1872 et
429 1814 592 1891 religiosos
607 1815 829 1874 distributores
851 1815 1039 1874 facultatum

73 1907 319 1985 apostolicarum
341 1908 426 1982 fore,
443 1909 490 1968 ita
503 1913 538 1968 ut
552 1926 718 1984 numquam
734 1927 785 1967 eas
799 1909 1038 1985 impertiamini,

73 2003 137 2062 nisi
165 2021 235 2061 cum
263 2003 402 2063 rationes
428 2007 461 2062 et
489 2021 599 2062 causae
626 2003 748 2062 fuerint
779 2004 974 2076 huiusmodi,
1005 2007 1041 2062 ut

73 2097 201 2156 omnino
216 2115 269 2155 eae
285 2097 349 2155 sint
363 2094 601 2172 impertiendae,
617 2095 695 2154 illud
711 2114 834 2172 semper
849 2100 922 2155 ante
936 2097 1040 2156 ocrrlos

73 2192 237 2263 habentes,
260 2193 415 2248 momenta
437 2189 593 2248 rationum
610 2193 643 2248 et
657 2189 849 2265 gravitatem
876 2207 1039 2248 causarum

71 2286 279 2344 fundamenta
299 2301 375 2354 esse,
399 2284 511 2360 quibus
525 2283 621 2342 inniti
637 2283 833 2360 potissimum
850 2283 1040 2359 apostolicae

74 2378 432 2438 concessiones'debent.

132 2471 241 2532 Nolite
263 2471 375 2546 igitur,
399 2472 478 2528 Ven.
502 2471 644 2543 Fratres,
665 2491 741 2548 quos
763 2472 795 2529 in
818 2489 963 2531 curarum
979 2471 1041 2532 Nc-

71 2567 213 2624 strarum
229 2567 350 2640 partem
374 2567 514 2636 voratus,
531 2565 704 2642 delegimus
726 2572 943 2641 cooperatores
957 2567 1041 2641 Apo·

74 2658 213 2717 stolatus
227 2657 352 2730 Nostri,
368 2657 398 2714 in
416 2659 559 2717 navanda
574 2677 669 2734 opera
683 2659 840 2718 Ecclesiae
856 2657 1038 2734 defatigari:

74 2752 231 2811 nonenim
245 2751 342 2809 solum
356 2769 468 2826 magna
483 2750 695 2810 sollicitudine
710 2751 877 2828 Episcopos
891 2750 1039 2809 liberabi·

72 2847 171 2906 tis...
186 2844 231 2925 (l)
243 2863 416 2904 moerorem
428 2847 590 2906 Nostrum.
600 2845 688 2906 Nihil
703 2845 784 2903 enim
803 2849 968 2921 tantopere
987 2863 1042 2903 va-

71 2939 119 2998 let
131 2941 171 2998 ad
190 2939 391 2997 consolandos
402 2937 479 3010 Nos,
493 2956 584 3013 quam
602 2938 709 2996 videre
724 2937 820 2997 etiam
837 2938 867 2995 in
884 2939 941 2996 hac
956 2937 1041 2998 labo·

70 3031 248 3091 riesissima
260 3032 346 3091 vitae
360 3031 548 3104 conditione,
558 3030 588 3088 in
602 3049 693 3107 quam
703 3033 764 3090 Deo
778 3031 822 3089 sie
834 3030 1039 3106 permittente

70 3131 195 3190 redacti
211 3147 327 3200 sumus,
346 3129 451 3206 aliqua
466 3129 589 3188 ratione
604 3128 762 3190 Ecclesiae
778 3131 925 3205 prodesse
940 3146 1037 3205 posse.

132 3227 293 3300 Rogamus
314 3225 440 3282 interea
461 3226 497 3282 D.
521 3225 561 3284 N.
585 3226 687 3284 Iesum
708 3223 884 3292 Christum,
901 3225 937 3280 ut
959 3223 1039 3298 quod

70 3336 129 3396 per
156 3317 369 3376 ministerium
392 3321 534 3376 vestrum
562 3317 665 3376 facere
686 3316 925 3389 constituimus,
954 3315 985 3374 id
1007 3315 1039 3374 in

69 3411 232 3470 Ecclesiae
253 3411 365 3469 bonum
388 3415 421 3470 et
442 3411 473 3469 in
500 3410 675 3470 animarum
705 3410 881 3470 utilitatem
911 3411 1036 3468 vertat:

133 3544 171 3596 (1)
189 3543 231 3587 Ita
244 3543 271 3587 in
286 3541 407 3599 exemplo,
420 3540 488 3598 quod
498 3553 558 3598 prae
575 3541 657 3587 oculis
673 3541 720 3586 est.
732 3541 831 3587 Desunt
851 3540 937 3598 alique
948 3538 1035 3594 verba,

70 3619 183 3665 fortasse
198 3619 277 3664 haec:
294 3629 384 3663 oerum
401 3615 479 3662 etiam
495 3613 624 3662 levabitis.
