2606 4268
689 275 848 338 -30-

287 389 324 446 ut
333 385 431 462 possis
443 384 509 445 sive
526 403 582 462 pen
596 387 628 445 te
642 385 756 461 ipsum,
785 382 851 442 sive
873 401 929 460 per
950 382 1030 444 alios
1052 383 1176 442 idoneos
1191 383 1255 442 mi·

286 478 402 538 nistros
415 497 435 537 a
448 481 480 536 te
494 477 681 554 delegandos
692 475 943 537 iurisdictionem
955 493 1102 536 exercere
1117 477 1152 536 in
1168 475 1250 536 flde-

286 572 332 632 los
343 589 448 630 omnes
458 571 551 631 istius
563 571 722 632 exercitus
732 570 765 630 in
777 587 968 647 quacumque
981 569 1115 630 dioecesi
1127 569 1255 645 positos

286 683 356 726 oum
371 665 511 725 omnibus
525 664 729 725 facultatibus
743 707 751 737 ,
764 655 842 741 quae
855 664 1024 740 (lapellano
1039 663 1152 724 Maiori
1163 663 1255 741 regis

289 759 450 834 utriusque
461 757 674 830 Siciliae,dum
686 758 845 818 militesin
857 761 930 818 acto
942 757 1150 834 expeditionis
1161 761 1254 831 sunt,

288 873 307 915 a
320 853 490 914 Benedicto
501 855 588 926 XIV,
603 853 689 913 felici
704 853 933 925 recordatione,
945 871 1107 913 concessae
1121 853 1256 912 fuerunt

288 948 515 1008 constitutione
525 945 684 1008 Conuenit
699 947 799 1026 pridie
815 965 911 1008 nonas
925 946 996 1006 iulii
1012 947 1102 1020 1741,
1115 950 1150 1006 et
1163 949 1254 1006 motu

288 1041 415 1118 proprio
427 1043 471 1102 IV
482 1042 551 1101 idus
563 1043 741 1102 novembris
751 1041 890 1102 eiusdem
904 1040 1131 1117 anni‚quorum
1146 1056 1255 1100 exem·

288 1135 358 1212 plar
372 1135 420 1194 his
435 1135 602 1212 alligatum
619 1136 744 1196 litteris
758 1136 905 1212 accipies;
921 1138 954 1194 et
968 1133 1069 1212 possis
1089 1133 1168 1192 item
1185 1133 1255 1192 ubi·

288 1247 347 1305 qne
368 1228 507 1288 locorum
528 1247 673 1290 exercere
696 1229 727 1289 in
741 1232 928 1288 memoratos
949 1227 1057 1288 fideles
1073 1227 1255 1288 extraordi-

288 1321 392 1382 narias
413 1339 532 1399 quoque
554 1321 722 1381 facultates
752 1320 812 1380 tibi
834 1321 967 1398 aliisque
989 1320 1166 1380 Galliarum
1189 1320 1255 1397 epi·

289 1413 388 1490 scopis
410 1413 546 1472 tributas
566 1412 698 1474 indultis
713 1412 775 1474 diei
800 1413 838 1472 19
859 1413 967 1472 martii
984 1416 1018 1472 et
1040 1413 1078 1472 13
1098 1413 1180 1472 iunii
1195 1432 1253 1473 an-

289 1507 321 1568 ni
338 1509 427 1579 1792,
438 1526 515 1582 quae
536 1507 585 1566 his
599 1507 720 1568 litteris
734 1506 856 1584 pariter
870 1506 1096 1582 adiunguntur.
1109 1509 1156 1568 Ad
1172 1507 1254 1568 alios

289 1605 394 1663 autem
417 1600 523 1660 fideles
544 1602 622 1676 quod
645 1599 785 1676 pertinet
805 1599 979 1659 alienarum
1002 1598 1203 1672 dioecesium,
1217 1601 1253 1660 ad

290 1713 364 1772 quos
378 1711 409 1754 se
430 1693 589 1752 exercitus
609 1694 759 1766 conferet,
776 1693 835 1752 tibi
850 1693 1033 1754 facultatem
1050 1694 1254 1771 impertimur

289 1787 462 1864 apostolica
488 1785 679 1846 cinctoritate
707 1787 888 1846 consulendi
914 1784 1075 1864 spirituali
1096 1787 1253 1846 dictorum

228 1891 231 1900 ’
290 1879 429 1940 fidelium
443 1880 521 1939 bono
536 1879 632 1940 etiam
653 1879 745 1939 iuxta
759 1882 970 1942 memoranda.
980 1880 1116 1952 indulta,
1128 1880 1254 1956 quoties

290 1977 444 2033 tamense
464 1973 637 2032 alienarum
660 1973 847 2034 dioecesium
871 1974 938 2032 loca
959 1978 1088 2034 careant
1107 1973 1254 2050 legitimo

291 2065 451 2144 superiore
472 2065 700 2130 ecclesiastico:
723 2068 821 2127 itaut
842 2066 869 2126 si
892 2069 1035 2143 tempore
1055 2066 1254 2127 advenientis
1291 2119 1293 2150 ἶ

291 2160 450 2222 exercitus
463 2159 507 2220 ibi
528 2160 590 2220 iam
605 2165 699 2232 esset,
715 2164 771 2220 aut
790 2163 899 2237 postea
913 2160 990 2220 illuc
1005 2162 1169 2222 abcederet
1183 2177 1252 2236 pro·
1292 2157 1293 2166 ’

291 2253 377 2332 prius
391 2253 589 2326 ordinarius,
606 2258 662 2314 aut
681 2254 763 2314 alius
783 2253 1012 2314 ecclesiasticus
1030 2253 1254 2330 vir‚legiti1ne

291 2364 348 2424 per
358 2346 559 2406 Ordinarium
570 2347 683 2423 ipsum,
696 2349 752 2408 aut
763 2365 819 2424 per
830 2349 1123 2424 metropolitanum,
1132 2352 1191 2407 aut
1201 2362 1253 2423 per

290 2439 371 2498 hanc
381 2439 583 2515 apostolicam
595 2441 705 2500 Sedem
719 2440 895 2517 delegatus,
908 2443 941 2500 te
953 2441 1066 2501 debeas
1077 2459 1096 2500 a
1107 2456 1253 2516 quacum·

290 2549 349 2609 que
360 2530 577 2594 iurisdictione
588 2535 760 2593 exercenda
771 2533 943 2607 abstinere,
956 2535 1071 2594 relicto
1083 2533 1203 2592 eisdem
1217 2531 1253 2592 li·

290 2626 365 2686 bero
380 2624 606 2687 iurisdictionis
622 2646 689 2701 usu,
699 2627 766 2688 sive
778 2627 939 2688 ordinaria
950 2628 1004 2700 sit,
1017 2627 1084 2686 sive
1096 2625 1250 2703 delegata.

351 2719 488 2796 Denique
502 2719 581 2780 illud
594 2720 690 2780 etiam
704 2721 916 2794 declaramus,
931 2721 1009 2797 quod
1031 2723 1097 2780 tam
1118 2718 1255 2778 destina·

292 2811 339 2872 tio
366 2816 422 2873 tua
449 2813 481 2872 in
510 2813 704 2874 ordinarium
731 2816 829 2874 totius
858 2815 1035 2886 exercitus,
1058 2829 1151 2890 quam
1183 2827 1255 2871 usus
1291 2881 1292 2898 ἢ

291 2906 616 2966 extraordinariorum
637 2906 823 2966 facultatum
848 2906 881 2964 in
906 2905 1019 2966 alienis
1040 2904 1253 2978 dioecesibus,
1291 2903 1292 2977 l

202 3045 207 3055 .
290 2997 436 3074 legitimo
464 3003 589 3076 pastore
617 2998 795 3071 destitutis,
811 2999 855 3058 sit
872 3000 1087 3059 tantummodo
1107 2997 1199 3058 intra
1218 2997 1255 3058 li·

291 3091 385 3151 mites
408 3093 499 3152 unius
519 3092 592 3153 anni
613 3092 878 3169 circumscriptus
896 3092 923 3152 si
946 3092 1065 3153 tamdiu
1090 3091 1255 3152 calamitas

291 3186 466 3261 temporum
491 3185 735 3261 perduraverit,
763 3203 818 3246 nec
843 3185 940 3246 aliter
967 3202 1023 3262 per
1049 3185 1254 3262 apostolicam

292 3278 402 3350 Sedem
423 3276 583 3354 provisum
603 3277 713 3340 fuerit.
729 3278 828 3339 uexit
849 3281 942 3353 Deus,
966 3278 1054 3338 cuius
1076 3278 1254 3338 misericor

292 3370 362 3431 diae
384 3389 444 3430 non
467 3374 515 3430 cst
536 3389 694 3445 numerus,
716 3375 750 3432 et
771 3371 926 3432 bonitatis
948 3372 1094 3438 infinitus
1114 3376 1163 3432 est
1185 3375 1255 3432 the·

291 3483 414 3540 saurus,
430 3469 467 3526 ut
486 3465 564 3526 felix
584 3484 690 3526 rerum
711 3471 844 3526 eventus
868 3467 1055 3543 respondeat
1077 3466 1162 3526 votis
1185 3483 1252 3526 cum

294 3559 371 3635 tuis,
388 3563 455 3620 tum
477 3559 553 3622 dicti
574 3558 777 3633 marchionis,
799 3558 966 3638 praecipue
987 3559 1202 3637 spectantibus
1217 3560 1253 3622 ad
1289 3629 1290 3702 ἡ
