2582 4270
44 377 222 455 provinciae
238 381 381 454 patrono,
398 395 483 454 spem
499 379 672 456 posuerint,
688 389 818 456 eumque
834 383 1015 456 deprecato-

43 491 110 532 rem
131 472 212 548 apud
232 474 341 543 Deum,
359 476 395 531 ut
409 490 498 548 saepe
520 481 613 532 antea
635 472 760 549 experti
781 471 933 532 efficacem
948 471 1015 531 fue·

43 567 128 638 rant,
145 569 212 624 tum
233 565 370 624 maxime
391 565 538 625 adhibere
560 564 734 638 voluerint,
758 583 906 642 opemque
929 565 1014 624 omni

42 677 95 735 spe
116 657 268 716 maiorem
290 657 352 716 iam
376 658 596 734 reportarint,
627 675 709 717 nunc
740 657 866 717 adeius
892 657 1013 718 cultum

42 749 295 826 amplificandum
318 749 476 826 singulari
501 751 675 810 animorum
706 749 830 809 fervore
852 749 1011 826 permoti,

41 843 230 920 peroptatis,
247 860 282 902 ac
297 862 315 902 a
329 844 426 903 Nobis
448 844 570 920 petitis,
586 849 653 916 tua,
669 843 867 904 Venerabilis
882 845 1011 914 Frater,

39 937 230 1012 interposita
251 954 347 1009 voce,
371 939 407 995 ut
428 936 565 997 eiusdem
586 939 695 998 Sancti
716 937 848 996 officium
876 937 1012 996 auctiori

39 1029 228 1091 celebritate
243 1030 410 1105 quotannis
433 1031 672 1107 persolvendum
688 1031 891 1106 imposterum
908 1031 1013 1090 decer·

40 1140 163 1182 namus.
182 1123 260 1180 Tam
282 1121 376 1180 iustis
398 1121 542 1182 inclinati
564 1123 668 1195 votis,
684 1141 720 1182 ac
740 1123 816 1198 ipsis
836 1121 1012 1198 religiosis-

40 1215 113 1274 simi
134 1215 233 1292 Regis
247 1215 349 1274 vestri
365 1216 609 1275 obsecundantes
624 1216 749 1288 studiis,
765 1218 926 1275 decretum
940 1214 1019 1283 fieri,

40 1307 212 1380 iussimus,
235 1326 295 1384 quo
316 1307 398 1366 ritus
420 1309 511 1367 officii
532 1309 564 1368 S.
587 1309 743 1386 Martyris
763 1308 896 1385 Ephysii
918 1327 936 1367 a
957 1309 1013 1367 du-

41 1400 117 1477 plici
141 1399 260 1458 maiore
277 1401 460 1460 elevaretur
481 1403 519 1462 ad
535 1402 650 1478 duplex
672 1402 790 1478 primae
804 1401 926 1472 classiS,
940 1417 1011 1458 cum

39 1499 156 1553 octava
176 1511 234 1569 pro
256 1494 389 1552 dioecesi
410 1494 610 1568 Galaritana,
632 1498 666 1554 et
688 1498 756 1554 tcta
776 1493 940 1553 Sardiniae
961 1491 1012 1548 in-

41 1587 123 1659 sula,
140 1605 197 1646 nec
219 1605 279 1646 non
303 1589 529 1648 extenderetur
552 1587 634 1646 idem
664 1587 796 1646 officium
817 1605 886 1646 cum
918 1585 1012 1644 missa

39 1683 78 1740 ad
101 1698 222 1739 omnem
245 1680 339 1740 aliam
361 1681 511 1740 ditionem
533 1681 619 1758 regis
633 1679 798 1740 Sardiniae
819 1679 885 1738 ritu
908 1678 1008 1754 dupli-

38 1774 68 1832 ci
91 1773 230 1844 minore,
258 1774 415 1832 nonnullis
444 1779 547 1834 tamen
577 1774 609 1832 in
633 1775 676 1832 VI
696 1773 830 1842 lectione
853 1773 957 1832 verbis
979 1773 1011 1832 in

38 1868 105 1927 alia
120 1867 345 1943 opportuniora
362 1869 573 1928 commutatis.
590 1870 665 1928 Cum
681 1869 717 1928 ad
740 1873 774 1928 te
795 1867 1011 1926 authenticum

38 1961 121 2020 illud
139 1961 299 2019 decretum
314 1961 508 2038 pervenerit,
522 1949 623 2038 ipsum
638 1981 698 2020 non
722 1963 819 2022 solum
836 1979 904 2020 cum
926 1962 1011 2020 clero

40 2053 217 2130 populoque
240 2058 294 2111 tuo
322 2055 581 2127 communicabis,
604 2056 657 2112 sed
687 2055 825 2113 eiusdem
854 2055 1010 2113 etiamad

36 2155 162 2207 ceteros
184 2145 321 2222 collegas
344 2149 413 2204 tuos
434 2147 602 2222 Episcopus
624 2147 768 2223 exempla
790 2147 1008 2219 transmittes,

41 2241 166 2317 pariter
186 2257 257 2297 curn
284 2239 413 2315 proprio
436 2241 539 2313 clero,
556 2241 728 2317 populoque
744 2241 1009 2312 communicanda,

39 2351 165 2409 unaque
186 2349 292 2390 omnes
312 2332 482 2408 participes
503 2335 614 2392 reddes
629 2336 665 2392 de
686 2335 804 2394 Nostro
826 2333 936 2393 harum
958 2333 1013 2392 lit·

38 2431 185 2486 terarum
206 2443 309 2498 sensu,
326 2443 386 2501 quo
403 2425 586 2499 universim,
602 2445 672 2486 cum
694 2428 835 2486 omnibus
858 2427 948 2505 regni
963 2428 1013 2486 in-

37 2519 143 2590 colis,
169 2517 348 2576 enixissime
371 2519 570 2596 gratulamur
602 2522 639 2579 de
671 2521 800 2598 egregia
831 2525 1012 2598 comparata

38 2613 143 2672 Sardo
167 2611 285 2669 nomini
310 2629 467 2688 regnoque
489 2631 655 2689 numquam
677 2614 920 2673 intermoritura
941 2615 1012 2690 glo-

37 2709 101 2779 ria,
119 2711 154 2766 et
174 2709 212 2765 ob
234 2712 461 2785 propugnatam
483 2713 574 2770 tanta
599 2727 668 2768 eum
690 2710 782 2768 laude
803 2713 836 2768 et
857 2710 1011 2769 felicitate

37 2801 95 2862 Dei
111 2800 324 2878 Religionem,
341 2804 374 2860 et
389 2801 427 2860 cb
441 2805 597 2861 retentam
612 2802 705 2878 Regi,
722 2803 856 2878 patriae,
873 2801 1012 2880 legibus-

36 2916 97 2972 que
122 2896 262 2955 debitam
283 2895 387 2968 fidem,
404 2901 436 2956 et
457 2897 494 2954 ob
516 2900 682 2972 utramque
703 2896 886 2955 clarissimis
908 2897 1012 2956 virtu·

36 2990 80 3048 tis
103 2988 252 3062 indiciis,
275 3007 310 3050 ac
338 2989 518 3048 incredibili
539 2990 715 3049 animorum
736 2989 937 3049 contentione
958 3007 1012 3066 pa·

34 3083 102 3141 lam
126 3083 272 3141 omnibus
293 3082 426 3156 iactam,
449 3101 484 3142 ae
512 3083 701 3160 propositam
724 3084 761 3142 ad
784 3083 920 3142 omnium
942 3083 1013 3141 imi-

35 3176 207 3235 tationem.
224 3176 315 3236 Nihil
335 3176 387 3235 hic
403 3194 526 3236 necesse
547 3179 686 3250 videtur,
704 3181 739 3236 ut
761 3177 842 3236 ullos
857 3179 922 3235 tam
944 3175 1013 3233 exi-

34 3269 111 3330 miis
135 3271 323 3347 populorum
350 3270 462 3328 animis
490 3271 680 3330 hortationis
700 3272 836 3332 Nostrae
865 3267 1012 3329 stimulos

35 3361 268 3440 adiungamus,
290 3380 350 3440 quc
371 3363 575 3439 imposterum
606 3383 665 3423 non
695 3364 796 3422 solum
825 3377 1011 3422 conservare

34 3471 70 3513 ac
92 3455 196 3530 tueri,
213 3456 265 3514 sed
288 3461 320 3515 et
341 3455 533 3532 amplificare
549 3474 620 3516 suas
641 3457 748 3516 laudes
763 3455 876 3515 velint.
893 3456 939 3514 At
959 3471 1010 3524 ea,

35 3549 242 3611 Venerabilis
263 3550 392 3622 Frater,
410 3567 489 3608 nunc
511 3553 653 3626 tempora
668 3552 753 3622 aunt,
771 3553 807 3608 ut
828 3566 889 3608 non
911 3547 1015 3606 solum
