2624 4260
470 189 649 248 -161-

71 293 107 352 iu
128 294 206 354 locis
229 295 320 356 valde
342 293 483 366 remotis,
506 281 626 372 possint
654 295 843 371 tempestive
870 298 1036 372 advenire;

73 391 111 448 et
129 407 189 447 non
212 387 360 449 videatur
381 391 432 450 vel
456 390 549 448 nimis
571 407 703 466 propere
724 392 781 449 aut
803 389 894 448 nimis
915 409 1039 454 morose
1065 423 1068 430 =

73 487 179 544 actum
203 481 299 542 luisse
320 483 351 541 ln
375 486 553 560 peragenda
574 499 609 542 re
632 485 714 542 tanti
736 484 898 544 momenti.

135 575 217 636 Illud
230 579 336 636 autem
348 577 453 636 decem
466 577 588 636 dierum
601 581 723 654 ternpus
738 596 798 636 non
813 577 912 638 otiose
925 579 1040 640 transi-

72 673 182 746 getur,
204 671 349 746 quoniam
371 671 472 732 multa
500 691 535 732 eo
557 662 682 732 labente
703 693 722 734 a
746 673 966 734 cardinalibus
992 673 1041 734 ia-

72 763 185 823 cienda
197 765 289 836 sunt3
303 763 452 823 videlicet
474 765 559 824 iusta
573 764 717 826 funebria
732 765 877 825 defuncto
892 766 1040 826 Pontifici

71 857 214 935 quotidie
230 858 423 934 persolvere,
440 859 568 936 regendi
584 860 695 919 Status
711 859 794 919 ferre
810 879 899 933 onus,
916 861 1039 936 aliaque

71 953 187 1030 exequi
209 957 304 1030 prout
324 957 458 1014 cavetur
479 955 511 1014 in
534 947 705 1032 praedictis
718 955 909 1031 Apostolicis
924 955 1041 1014 consti-

71 1048 272 1120 tutionibus3
288 1065 421 1125 quarum
436 1049 466 1108 ri
491 1053 525 1108 et
546 1048 733 1110 auctoritati
748 1048 828 1108 nihil
844 1048 1040 1107 detrahimus

72 1141 161 1200 hisce
184 1141 311 1200 Nostris
333 1142 474 1214 litteris,
497 1143 571 1218 quin
587 1143 708 1200 easdem
725 1141 757 1199 in
773 1159 827 1199 suo
843 1141 953 1199 robore
967 1159 1042 1199 con-

70 1234 248 1306 firmamus,
271 1233 328 1294 illo
348 1237 474 1295 tantum
496 1239 626 1312 excepto
647 1237 725 1312 quod
743 1234 884 1311 superius
899 1235 1041 1295 declara-

70 1329 190 1400 vimuS,
211 1344 280 1386 cum
303 1327 424 1387 scilicet
445 1329 476 1388 id
498 1329 607 1406 exiget
627 1327 843 1388 infelicissima
865 1332 1039 1405 temporum

71 1421 229 1493 conditio,
252 1425 287 1480 et
306 1421 508 1489 incolumitas
523 1423 664 1498 corporis
680 1422 840 1493 catholici,
856 1440 934 1498 quae
949 1441 967 1482 a
981 1423 1040 1484 ca-

70 1515 139 1591 pite
163 1514 330 1590 praecipue
351 1514 382 1572 in
405 1514 468 1574 alia
490 1517 629 1577 membra
650 1515 846 1576 diffunditur.

132 1608 243 1667 Novas
256 1607 306 1664 hic
317 1607 404 1684 leges
416 1625 475 1665 non
491 1607 639 1682 ierimus3
653 1627 762 1668 verum
776 1605 942 1667 nonnullas
953 1607 1039 1668 inter

70 1719 125 1760 eas
139 1719 223 1777 quae
238 1700 299 1759 iam
315 1701 399 1760 latae
415 1707 499 1774 sunt,
517 1706 550 1760 et
564 1720 641 1777 quae
657 1702 746 1760 novis
761 1701 857 1760 certis
872 1701 1039 1760 eventibus

72 1814 135 1854 non
161 1796 400 1871 responderent,
423 1799 456 1855 et
476 1799 551 1872 quin
567 1797 597 1854 in
620 1796 705 1854 hisce
720 1796 842 1856 casibus
857 1796 1041 1874 prodessent

70 1888 223 1948 electioni
245 1887 422 1962 PontifioiS,
439 1889 511 1966 huic
526 1889 747 1966 impedimento
763 1889 878 1958 forent,
896 1907 953 1946 non
969 1889 1042 1947 abo-

70 1984 176 2042 lemus
197 1982 321 2058 quidem
338 1984 389 2041 sed
405 2001 456 2042 eas
472 1988 681 2060 temperamus
706 1983 882 2059 tantisper,
905 2001 941 2042 ao
962 1985 1041 2041 tern-

71 2094 198 2154 pornm,
220 2095 298 2152 quae
320 2077 524 2153 supervenire
546 2081 688 2153 possunt,
704 2075 935 2136 conditionibus
951 2079 1041 2152 apta·

72 2188 161 2242 mus,
191 2169 413 2245 permittentes
435 2175 469 2229 et
490 2173 694 2229 concedentes
712 2176 771 2246 'per
793 2170 871 2229 hanc
891 2169 1040 2229 Nostram

71 2263 333 2322 constitutionem
349 2263 568 2322 cardinalibus
583 2263 615 2322 S.
632 2264 669 2322 Ε.
684 2266 724 2323 R.
741 2267 806 2322 tam
822 2260 1039 2338 praesentibus

73 2374 170 2432 quam
192 2355 323 2420 futuris,
346 2371 382 2416 ut
402 2357 525 2432 quoties
547 2355 673 2415 vacabit
686 2355 868 2432 Apostolica
882 2355 988 2434 Sedes,
1004 2371 1040 2413 ac

70 2449 196 2508 liberae
217 2447 381 2508 Pontificis
402 2447 549 2508 electioni
572 2466 608 2507 ea
622 2447 790 2508 obstabunt
804 2448 1038 2524 impedimenta,

72 2559 154 2617 quae
173 2541 271 2602 Nobis
295 2541 434 2602 indicata
448 2545 523 2601 suut
548 2560 566 2601 a
590 2541 747 2618 praesenti
772 2541 1040 2600 difficillimacon·

72 2633 197 2692 ditione
218 2634 414 2710 publicarum
430 2653 549 2706 rerum,
565 2635 679 2711 absque
695 2635 762 2694 ulla
777 2619 971 2694 dubitatione
986 2634 1039 2692 vel

73 2726 245 2785 formidine
273 2725 442 2786 arbitrium
461 2712 552 2786 nsuum
575 2729 748 2786 extendant
769 2731 806 2788 ad
830 2726 1039 2785 immutandas

73 2823 267 2879 memoratas
294 2819 392 2894 leges.
422 2820 621 2897 Quapropter
650 2823 687 2878 de
708 2820 836 2878 consilio
857 2823 890 2879 et
911 2835 1038 2876 assensu

73 2915 154 2972 Ven.
179 2912 330 2971 Fratrum
352 2913 542 2972 Nostrorum
557 2914 589 2970 S.
608 2914 647 2972 R.
663 2914 699 2971 Ε.
715 2911 931 2972 Cardinalium
951 2929 986 2970 ac
1001 2911 1038 2969 de

74 3005 274 3082 plenitudine
296 3005 495 3082 Apostolicae
517 3005 684 3082 potestatis
706 3005 850 3066 volumus
863 3008 898 3064 et
911 3005 1040 3064 manda·
1141 3059 1143 3062 .

74 3116 157 3172 mus,
181 3104 218 3158 ut
238 3100 420 3160 cardinales
433 3099 487 3176 qui
502 3102 682 3176 praesentes
696 3103 831 3160 aderunt
845 3117 1041 3176 congregen-

76 3195 132 3250 tur
159 3190 271 3250 statim
295 3194 520 3268 postmortem
549 3193 750 3250 Summorum
778 3193 984 3263 Pontificum,
1007 3195 1040 3250 ct

77 3283 256 3344 conditione
278 3290 454 3360 temporum
468 3284 501 3342 in
517 3283 777 3344 consultationem
799 3291 958 3356 revocata,
981 3283 1040 3344 dis-

77 3377 208 3454 quirent
230 3377 315 3436 inter
336 3396 379 3449 se,
402 3393 438 3436 ao
459 3378 642 3448 decernant,
666 3393 739 3434 num
760 3380 942 3435 consuetum
964 3376 1040 3435 Ocn-

77 3473 167 3532 clavo
194 3473 387 3544 adeundum,
414 3470 466 3530 vel
495 3470 581 3530 aliud
603 3469 783 3546 eligendum
811 3469 873 3541 sit3
903 3469 1039 3543 itemque

175 3590 236 3640 Vol.
254 3591 297 3640 II.
430 3647 434 3658 ι
919 3591 946 3635 11
