2624 4260
112 402 115 410 ·
137 372 232 446 atque
253 369 414 430 indubium
435 370 519 430 edidi
541 365 784 434 documentum·
800 371 897 437 Quale
926 389 1101 434 sacramen·

136 467 223 536 tum!
247 463 348 540 qualis
370 463 589 542 inauguratio!
614 465 718 528 omnia
738 465 894 543 originem
908 467 1101 528 novicum,-

136 576 197 634 que
218 557 391 626 ministerii
414 558 475 628 mai
497 559 746 632 annunciabant,
775 558 857 620 musi
879 558 939 640 ipsi
959 559 1027 620 elas
1046 579 1100 621 aa·

136 651 290 720 parabilis
310 649 468 722 Ecclesiae
484 650 674 722 videbantur
687 667 788 716 meam
802 651 1031 728 reprebendens
1045 670 1101 714 au„

137 743 270 816 daciam,
293 761 351 820 ege
373 748 477 810 tamen
498 744 570 804 inde
592 745 692 822 magis
712 747 802 816 modo
822 749 1018 820 excaecatus,
1034 765 1101 807 mar

134 836 187 914 ¹gis
206 837 384 904 obstinatos
405 839 539 908 excessi,
553 840 624 898 Mea
643 841 808 914 praetensa
834 841 1009 915 pateretis
1034 841 1101 916 cpi·

135 931 219 989 stola
238 930 317 990 nihil
339 929 425 1000 alind
448 933 531 1003 erat,
545 948 637 1006 quam
659 930 803 1008 apologia
823 930 885 992 mei
907 931 1098 1007 schismatis,

134 1020 273 1084 defensio
294 1023 432 1083 omnium
454 1023 674 1101 religiosarum
695 1027 730 1084 et
749 1024 892 1088 civilium
913 1025 1098 1088 innovatioe

139 1137 225 1192 num,
241 1117 366 1208 quaein
382 1117 517 1194 patriam
533 1133 633 1180 meam
648 1117 790 1187 invectae
805 1117 945 1179 fuerunt.
962 1119 1099 1182 ‹Susoie

136 1211 244 1288 pistis,
267 1211 298 1272 iu
321 1229 358 1277 ea
379 1210 517 1272 dicebam
538 1211 668 1288 populo,
695 1230 811 1272 novum
839 1215 1023 1288 Pastorem,
1046 1211 1101 1291 qui

137 1305 228 1366 venit
254 1305 286 1364 in
317 1305 440 1367 nomine
460 1304 584 1372 Domini
605 1306 643 1370 ad
666 1323 721 1365 vos
742 1305 1022 1387 illuminandam
1043 1324 1100 1384 ago

137 1400 243 1460 tamen
258 1418 314 1460 ceu
329 1417 348 1459 a
362 1405 519 1477 potestate
535 1399 688 1460 saeculari
703 1399 827 1472 missua,
841 1401 1009 1460 secundum
1021 1403 1100 1476 (ioue

139 1496 207 1556 oilii
220 1498 398 1559 Tridentini
410 1499 643 1576 expressionem
654 1497 705 1558 fur
716 1501 838 1557 tantum
852 1501 885 1557 et
895 1498 980 1558 latro
995 1516 1097 1572 eramr

138 1591 173 1650 et
194 1591 233 1650 ab
253 1591 406 1665 Ecclesia,
428 1611 506 1669 quae
527 1592 672 1652 columna
692 1594 742 1650 est
761 1590 923 1663 veritatis,
945 1591 1097 1667 extorris,

139 1683 277 1746 banebria
297 1684 464 1746 immersus
485 1703 570 1746 eram
592 1683 796 1757 densissimis3
819 1693 916 1760 nequa
936 1684 997 1746 iam
1013 1684 1098 1758 alind

139 1777 290 1852 sequebar
309 1779 506 1852 institutum,
523 1778 583 1838 nisi
597 1795 735 1838 errorem
751 1775 962 1854 praedicandi,
979 1779 1012 1836 et
1026 1795 1100 1855 gnae

138 1869 341 1933 vissimorum
356 1871 531 1932 facinorum
546 1871 699 1932 vindicias
714 1863 895 1930 adornandi.
913 1887 931 1930 ‹
946 1871 1100 1948 Suscipia

140 1961 183 2022 tis
198 1981 289 2036 eum,
305 1965 358 2042 qui
374 1985 430 2026 ros
445 1965 675 2037 sanctificabit3
690 1981 709 2024 e
723 1968 757 2024 et
771 1963 981 2024 ministerium
997 1973 1099 2025 meum

139 2056 263 2130 sterile,
285 2058 317 2117 in
339 2059 462 2136 impura
483 2058 681 2136 scaturigine
697 2075 753 2117 sua
773 2056 909 2128 aridum,
932 2058 1012 2117 haud
1029 2075 1100 2116 eoae

140 2163 255 2210 nexum
270 2151 455 2212 successioni
471 2150 672 2228 apostolicae,
688 2165 766 2226 quae
782 2147 850 2207 sola
864 2147 942 2208 illud
960 2149 1099 2212 animare

140 2243 282 2318 poterat,
315 2243 360 2304 uil
382 2243 550 2304 exhibebat
571 2242 677 2315 aliud,
701 2240 761 2300 nisi
784 2239 985 2302 simulacrum
1007 2241 1100 2302 inane

136 2335 356 2414 Episcopatus,
379 2335 609 2396 imbecillorum
630 2333 822 2406 scandalum,
848 2336 1004 2394 terrorem
1026 2333 1101 2394 fide,

137 2427 217 2489 lium
238 2422 425 2490 animarum.
441 2447 461 2490 c
476 2427 660 2504 suscipietis
679 2444 762 2499 eum,
785 2427 1004 2503 prosequebar,
1020 2431 1101 2487 tame

138 2539 230 2598 quam
260 2540 356 2600 purae
385 2521 476 2595 fidei,
506 2519 666 2582 sacrorum
688 2536 766 2596 quae
788 2519 934 2595 proponit
960 2519 1101 2580 Ecclesia

137 2615 319 2692 dogmatum
341 2617 577 2692 depositarium,
593 2618 626 2673 et
646 2613 769 2673 sincera
791 2611 905 2672 unione
926 2609 1030 2688 Capiti
1045 2630 1100 2672 suo

138 2707 358 2781 coniunctum
373 2725 392 2770 s
407 2713 441 2769 et
469 2727 537 2768 mea
565 2707 678 2784 agendi
700 2706 782 2766 ratio
803 2723 838 2766 ac
860 2723 929 2764 mea
956 2706 1101 2778 doctrina

137 2801 212 2864 fidei
226 2806 455 2879 perpetuaeque
466 2801 624 2862 Ecclesiae
636 2799 819 2876 disciplinae
837 2815 1027 2874 repugnans,
1043 2799 1101 2858 de..

139 2894 291 2958 cisionum
311 2895 378 2956 eius
392 2895 668 2966 infallibilitatem,
684 2890 847 2969 regiminis
862 2890 1100 2964 auctoritatem,

138 3007 218 3060 eam,
241 3007 333 3067 quam
356 2989 497 3050 universi
519 2989 628 3050 fideles
649 2989 775 3048 Summo
795 2984 942 3068 Poptiflci
968 2986 1099 3058 debent,

138 3083 346 3143 obedientiam
366 3083 543 3142 evertebat.
561 3083 628 3148 Qua
641 3099 700 3159 ego
715 3081 906 3157 deploranda
920 3079 1101 3140 temeritate

138 3193 320 3238 asseverare
341 3175 503 3248 audebam,
526 3177 607 3251 quod
629 3173 744 3234 electio
759 3191 839 3247 mea,
855 3190 924 3232 mea
937 3187 1102 3234 consecras

139 3269 196 3342 tio,
220 3287 348 3348 meaque
370 3269 401 3329 in
424 3270 534 3330 Sedem
557 3268 771 3346 Episcopalem
792 3285 811 3327 a
831 3267 925 3344 longo
944 3266 1006 3327 iam
1022 3269 1101 3334 teme

138 3380 212 3439 pore
234 3365 397 3424 vacantem
419 3363 541 3423 evectio
563 3361 683 3422 fuerint
696 3360 861 3421 canonicae
875 3362 908 3418 et
923 3359 1098 3420 conformes

137 3454 297 3516 Ecclesiae
308 3455 481 3532 primorum
497 3454 692 3514 saeculorum
706 3452 908 3530 disciplinael
921 3453 1019 3520 Quam
1034 3452 1101 3526 fau·

138 3551 206 3610 stoa
227 3548 305 3617 mibi
327 3555 360 3624 et
382 3549 494 3625 populo
515 3552 658 3619 eventus,
681 3549 759 3624 quod
783 3549 848 3606 tam
864 3545 958 3605 multi
971 3561 1099 3606 errores
