2582 4270
395 339 398 350 ι
456 313 616 414 '²⁷6'

63 417 185 491 debeat,
208 417 261 495 qui
290 417 502 491 auctoritate,
525 422 558 490 et
580 419 613 478 vi
634 419 836 496 praevaleat,
859 424 1013 496 coerceat,

62 515 255 586 moderetur,
279 531 314 572 ac
340 532 360 574 a
386 531 536 590 perversa
558 515 670 592 agendi
696 517 820 575 ratione
848 517 886 575 ad
916 517 1015 577 officia

63 609 194 680 revocet,
218 625 256 665 ne
278 606 409 666 societas
431 605 498 682 ipsa
519 625 558 666 ex
580 610 645 668 tam
667 609 849 682 temerario,
869 627 904 670 ac
929 609 1014 669 iuter

62 719 92 760 se
111 700 239 759 adverso
261 699 469 776 plurimarum
491 701 701 778 cupiditatum
722 702 842 780 impetu
864 703 896 762 in
916 704 1017 763 Anar-

62 793 156 854 ehiam
178 793 314 866 decidat,
336 811 526 870 prorsusque
547 793 759 869 dissolvatur3
776 797 813 856 ad
829 795 930 856 instar
944 797 1016 856 har-

60 887 197 960 moniae,
227 904 307 964 quae
334 905 374 946 ex
404 887 612 964 plurimorum
634 906 789 949 sonorum
817 889 1015 950 consensione

59 981 262 1058 componitur,
277 983 310 1039 et
324 981 351 1039 si
366 998 426 1040 non
442 986 516 1058 apta
536 983 734 1055 chordarum,
752 1002 922 1060 vocumque
937 986 1016 1044 tem-

58 1075 214 1153 peratione
237 1074 400 1148 consistat,
422 1074 454 1134 in
477 1077 678 1152 perturbatos
699 1077 767 1136 abit
792 1077 956 1154 strepitus,
979 1095 1015 1137 ac

58 1169 145 1246 plane
167 1169 314 1227 dissonos.
337 1169 488 1245 Deinceps
510 1188 585 1228 eum
602 1189 633 1230 se
655 1170 905 1241 constituissent,
925 1171 1015 1231 iuxta

58 1263 192 1339 phrasim
202 1263 235 1321 S.
245 1260 361 1322 Hilarii
373 1263 580 1323 Pictaviensis
590 1263 903 1342 (l),Prueceptoram
911 1281 1017 1324 emeae

57 1357 192 1427 datores,
216 1358 247 1414 et
268 1357 408 1414 arbitros
421 1356 615 1432 Reiipioais,
639 1375 712 1417 cum
733 1357 916 1433 Relipioais
937 1374 1015 1433 opas

56 1449 254 1508 obedientiae
268 1449 311 1506 sit
333 1447 481 1524 officiam,
499 1452 536 1508 de
551 1449 617 1525 ipsa
631 1449 782 1522 Ecclesia,
799 1449 925 1526 eiusque
941 1469 1016 1509 con-

56 1542 214 1602 stituenda
241 1540 364 1602 ratione
393 1561 476 1603 nova
503 1561 538 1602 ac
560 1542 702 1603 inaudita
730 1546 872 1603 statuere
899 1543 1016 1604 iudicia

56 1639 234 1712 coeperunt.
258 1636 307 1696 Ex
329 1653 366 1694 ee
387 1635 506 1696 officina
535 1637 654 1713 prodiit
681 1637 836 1714 sacrilega
857 1636 915 1696 illa
936 1638 1016 1697 Con-

54 1729 191 1798 stitutio,
208 1745 298 1804 quam
313 1729 342 1788 N
346 1746 391 1797 os,
407 1729 439 1786 in
454 1729 655 1805 responsione
669 1730 787 1790 Nostra
802 1729 864 1788 diei
880 1729 918 1789 10
932 1727 1017 1788 Mar-

56 1821 95 1880 tii
120 1821 212 1893 1791,
229 1819 266 1878 ad
289 1820 515 1897 expositionem
531 1823 666 1900 triginta
685 1823 931 1899 subscriptorum
953 1821 1018 1898 epi-

52 1931 238 1990 scoporum,
267 1913 486 1974 refutavimus.
511 1916 613 1982 Quare
638 1933 775 1992 congrue
797 1915 902 1992 aptari
930 1913 1017 1972 vide-

53 2011 108 2066 tur
128 2006 181 2066 hic
204 2024 303 2082 posse,
326 2008 404 2082 quod
431 2007 584 2084 scriptum
612 2013 661 2068 cst
681 2029 700 2068 a
721 2010 753 2068 S.
771 2009 928 2086 Cypriane
950 2005 1013 2086 (2):

54 2099 214 2164 Quomodo
229 2101 301 2182 fiat,
318 2105 355 2157 at
376 2099 415 2158 de
435 2099 616 2160 christiano
632 2101 778 2161 iudicent
792 2103 960 2172 liueretici,
978 2100 1016 2159 de

53 2211 135 2252 sano
156 2195 283 2264 saucii,
307 2193 346 2252 de
367 2195 496 2270 inteprc
519 2197 702 2266 uulnerati,
726 2195 764 2254 de
789 2203 896 2254 stante
919 2194 1013 2269 lapsi,

51 2285 90 2344 de
111 2285 220 2344 iudice
233 2288 293 2356 rei,
310 2285 348 2346 de
369 2286 532 2346 sacerdote
556 2287 730 2362 sacrilepit
753 2287 837 2354 Quid
861 2293 1013 2362 superest,

50 2397 153 2456 qaam
179 2389 216 2440 ui
237 2381 384 2442 Ecclesia
414 2377 575 2456 Capitolio
604 2380 718 2440 cedat?
739 2381 798 2447 Qui
819 2381 851 2438 in
880 2378 1016 2438 diversis

49 2472 171 2532 civium
193 2474 352 2534 ordinibus
381 2474 480 2532 adhuc
508 2473 616 2532 fideles
637 2477 751 2546 erent,
774 2476 1014 2548 constanterque

48 2566 241 2628 reiiciebant
255 2585 353 2627 nuvae
369 2567 603 2626 constitutionis
616 2567 816 2627 iureiurando
831 2569 863 2626 se
878 2566 1017 2625 obstrin-

47 2679 138 2740 gere,
154 2663 190 2720 ad
214 2661 388 2720 infortunia
401 2660 524 2732 statim,
540 2661 627 2719 acad
643 2677 746 2719 necem
763 2659 1013 2720 destinabantur:

45 2756 133 2814 itum
156 2757 206 2812 est
226 2757 354 2829 repente
377 2753 408 2810 in
431 2751 624 2830 promiscuas
645 2770 754 2811 eorum
775 2755 893 2824 caedes,
910 2751 1016 2810 saevi-

46 2855 119 2908 tum
142 2847 429 2907 in-ecclesiasticos
458 2845 726 2922 quamplurimos,
749 2846 841 2906 occisi
866 2844 1014 2922 episcopi,

46 2943 102 3018 qui
116 2944 239 3018 quanta
252 2941 416 3000 devotione
431 2945 464 2999 et
485 2937 668 3000 reverentia
688 2939 808 2998 colendi
824 2939 898 3011 sint,
913 2956 1017 2999 exem-

43 3037 99 3113 plo
124 3053 181 3095 suo
203 3035 309 3094 docuit
330 3035 473 3096 Christus
488 3033 650 3106 Dominus,
666 3033 720 3110 qui
735 3034 892 3094 referente
908 3036 940 3094 S.
954 3036 1015 3112 Gy-

42 3130 163 3206 priano
186 3129 252 3208 (3),
276 3144 375 3204 esque
397 3129 440 3188 ad
456 3130 621 3206 passionis
643 3129 728 3187 diem
749 3130 893 3188 servavit
914 3128 1016 3187 hono·

112 3315 150 3367 (1)
170 3311 227 3359 Lib.
240 3313 261 3358 I.
274 3310 488 3360 dalmatarum.
502 3313 540 3359 15.
552 3325 610 3372 pag.
623 3312 678 3358 775.
690 3309 749 3358 edit.
761 3309 842 3358 Paris.
855 3312 964 3358 Macrin.
1014 3345 1015 3348 η

108 3390 150 3443 (2)
160 3387 242 3444 Epist.
249 3389 304 3435 LV.
315 3386 348 3434 cd
359 3387 459 3435 cornel.
468 3385 500 3434 de
510 3387 644 3434 Fortunat.
652 3386 678 3432 et
688 3385 838 3432 Felicissim.
849 3387 938 3432 sonmo
953 3387 1016 3432 Haa-

39 3464 143 3512 retioos
153 3463 228 3515 iuxta
237 3465 333 3513 recent.
345 3461 405 3508 edit.
416 3462 527 3508 Macrin.
538 3461 620 3508 Paris.
632 3461 703 3508 1726.
854 3449 857 3457 '

110 3540 149 3595 (3)
166 3539 249 3598 Epist.
261 3539 339 3584 LXV.
357 3535 390 3584 ad
406 3537 541 3594 sagunen.
557 3535 630 3583 iuxta
645 3535 729 3583 ultim.
747 3535 807 3583 adit.
818 3538 927 3584 Macrin.
946 3533 1017 3592 Quod

39 3615 155 3664 mirifice
172 3612 316 3664 inculcavit
325 3612 431 3663 Carolus
440 3615 549 3672 Magnus
559 3612 668 3672 capitul.
679 3611 709 3658 de
719 3612 815 3661 honora
823 3611 1014 3672 Episcoporum,
