2632 4262
428 268 430 274 ’
493 275 671 334 -331-

160 378 291 440 Russiae
322 381 528 442 autocratrici
554 381 744 444 catharinae
772 381 882 442 scribit
903 382 978 442 Pius
1001 383 1057 445 VI.

87 474 119 532 I.
136 473 208 535 260.

570 557 592 613 S

157 661 330 722 Sabaudiae
351 661 494 739 Episcopi
520 662 630 721 iisdem
658 661 863 723 facultatibus
894 661 1058 738 instructi,

91 753 208 829 quibus
230 755 325 815 Galli.
342 757 367 816 Ι.
384 757 527 816 278.-ΙΙ.
547 757 615 817 123.

157 849 340 910 Sacerdotes
369 849 421 926 qni
451 850 694 928 presbyteratus
723 850 850 910 litteras
879 849 1061 926 petentibus

91 944 373 1020 persequutoribus
389 944 592 1004 tradiderunt
612 945 644 1003 in
665 943 787 1022 signum
809 944 1058 1005 renunciationis

93 1035 202 1094 ordini
224 1037 411 1095 sacerdotali
433 1035 566 1097 habendi
588 1035 636 1096 uti
658 1040 831 1112 apostatae,
847 1037 880 1095 et
899 1037 1058 1096 canonicis

93 1129 207 1206 poenis
229 1131 372 1190 subiecti.
388 1133 428 1191 ΙΙ.
445 1129 513 1190 150.
524 1161 542 1175 -
554 1131 632 1198 Quid
648 1130 674 1190 si
690 1148 744 1207 pro
759 1130 882 1190 litteris
896 1131 1062 1208 presbyte-

91 1226 186 1282 ratus
207 1225 301 1284 aliam
321 1227 461 1286 chartam
478 1225 578 1285 latine
593 1225 746 1301 scriptam
761 1224 964 1284 tradiderint.
980 1223 1058 1283 ibid.

93 1319 347 1378 -Sacerdotibus
361 1319 434 1378 fidei
460 1335 554 1378 causa
582 1318 757 1395 deportatis
784 1317 841 1376 vel
859 1318 1059 1394 deportandis

92 1409 265 1472 facultates
279 1431 454 1478 concessae.
474 1411 542 1472 165.
553 1444 569 1456 -
581 1413 767 1472 Sacerdotes
782 1411 868 1471 Galli
882 1411 1007 1470 exsules
1022 1410 1055 1468 in

94 1507 183 1565 statu
211 1507 375 1566 Pontificio
407 1506 593 1567 formulario
627 1505 800 1567 Alexandri
834 1507 891 1565 Vll
919 1504 1057 1565 subscri-

96 1599 191 1659 bunt.
207 1601 246 1660 ll.
264 1601 295 1661 2.

157 1695 321 1754 Sardiniae
335 1694 466 1771 populus
480 1693 636 1754 liberatus
657 1693 695 1752 ab
717 1691 859 1752 hostibus
873 1695 937 1753 Deo
953 1695 1060 1769 grates

95 1787 176 1864 agit.
193 1789 233 1846 ΙΙ.
250 1789 300 1848 39.

155 1881 288 1940 Saurine
311 1882 617 1959 pseudo-Episcopus
639 1880 804 1956 Aquensis.
822 1883 847 1941 Ι.
867 1879 935 1942 150.
952 1880 1058 1940 -Eius

95 1973 210 2033 electio
233 1975 321 2035 nulla
341 1983 374 2035 et
395 1974 589 2036 consecratio
613 1975 780 2054 sacrilega3
803 1975 842 2036 ab
864 1973 974 2034 ordine
995 1974 1061 2052 epi·
1114 2026 1117 2034 .

97 2066 212 2142 scopuli
235 2086 412 2144 suspensus.
430 2069 455 2127 Ι.
475 2067 545 2127 156.
853 2101 864 2140 0

157 2160 343 2221 Scandalum
367 2181 386 2222 a
407 2162 523 2223 iuratis
550 2161 747 2240 presbyteris
775 2163 881 2221 datum
911 2177 1067 2237 reparari·-

96 2254 180 2313 dum.
198 2257 238 2314 II.
257 2256 326 2316 166.
1099 2335 1101 2338 Ι

157 2348 341 2411 Schismatis
355 2350 403 2410 rei
418 2351 635 2412 ecclesiastici:
648 2350 799 2429 quomodo
813 2367 883 2409 cum
899 2348 948 2409 his
962 2365 1058 2426 agen·

99 2443 183 2502 dnm.
201 2445 241 2503 ΙΙ.
259 2445 328 2504 111.

156 2536 403 2596 Seminariorum
422 2541 516 2615 caput
533 2541 567 2598 et
584 2555 722 2598 summus
737 2536 922 2597 administer
933 2536 1060 2612 Episco-

96 2647 165 2706 pus.
183 2631 208 2690 Ι.
225 2632 276 2692 94.
306 2631 386 2690 Vide
410 2628 607 2690 Goastitatio
630 2629 754 2689 Civilis.

156 2724 332 2784 Senicensis
354 2725 522 2801 Episcopus
551 2723 731 2784 carceribus
755 2722 966 2799 mancipatus:
990 2723 1058 2782 eius

95 2817 175 2878 laus.
195 2821 220 2878 Ι.
237 2817 311 2892 265,
330 2819 401 2879 266.

155 2911 341 2971 senonensis
362 2911 624 2988 Archiepiscopus
650 2910 798 2991 (Carolus
821 2911 861 2971 de
881 2911 1056 2990 Lomento)

95 3005 127 3064 in
149 3004 260 3082 impios
278 3005 375 3065 libros
390 3005 555 3066 invehitur
569 3009 602 3065 et
616 3005 782 3082 praecipue
798 3008 993 3064 contractum
1008 3022 1057 3063 so-

96 3097 216 3158 cialem.
233 3099 258 3157 l.
270 3096 343 3170 235,
358 3097 429 3158 239.
442 3101 502 3157 -et
516 3099 548 3156 in
563 3098 837 3158 Parlarnentorum
857 3101 986 3156 conatus
1002 3116 1057 3157 ne·

95 3189 200 3250 farios.
215 3192 239 3250 Ι.
256 3190 329 3263 235,
344 3190 417 3262 236,
432 3191 503 3252 239.
517 3222 532 3234 -
543 3192 656 3252 Censet
677 3191 804 3250 minime
826 3192 969 3270 indigere
984 3191 1058 3268 Epi·

96 3303 202 3362 scopos
214 3284 407 3345 auctoritate
422 3284 522 3362 regia,
538 3285 575 3344 ad
593 3285 801 3364 evulgandam
824 3287 856 3346 in
879 3305 976 3365 regno
996 3287 1060 3345 Be-

95 3377 210 3439 nedicti
225 3380 300 3439 XIV
314 3379 480 3456 epistolam
502 3379 721 3457 dogmaticam.
735 3383 761 3441 Ι.
776 3381 847 3441 236.
859 3381 1006 3440 -Probat
1021 3379 1053 3438 in

95 3471 251 3532 catholico
272 3491 368 3552 regno
389 3473 573 3534 libertatem
595 3473 724 3534 docendi
745 3491 812 3532 esse
833 3476 955 3550 partem
975 3471 1056 3532 iuris

96 3565 223 3644 publici.
237 3567 261 3626 Ι.
275 3567 346 3629 237.
357 3598 376 3613 -
388 3567 524 3628 Obsistit
540 3565 788 3643 protestantibus
802 3565 835 3625 in
851 3567 976 3644 publica
988 3583 1058 3625 mu-
