2606 4268
67 415 160 478 istius
174 417 323 477 ecclesiae
345 417 536 491 antistitem,
553 419 607 496 qui
622 422 797 480 tantarum
813 419 861 478 sni
883 436 1036 478 commen-

66 511 194 571 datione
216 510 352 570 nominis
372 528 440 570 eam
463 529 559 589 usqne
580 515 680 572 adhuc
702 515 882 573 moderatus
905 517 976 586 est,
1004 513 1036 572 in

66 610 183 670 stricta
204 610 373 671 nonnullis.
389 611 427 671 ab
448 611 522 670 hinc
547 612 704 671 mensibus
725 613 866 673 custodia
888 613 1033 674 detineri.

65 703 198 765 Lenirit
228 707 333 765 tamen
365 723 425 764 non
447 722 557 782 parum
586 706 725 766 dolorem
753 708 902 768 Nostrum
932 707 1037 768 virtus

66 801 189 870 restra,
206 801 375 875 vestraque
390 799 581 872 constantia,
597 799 705 860 dilecti
720 799 792 872 filii,
808 819 868 878 qna
889 800 1036 878 gliscenti

65 891 230 951 schismati
251 891 370 951 obicem
385 909 538 970 opponere
556 893 703 967 curastis,
719 913 758 953 ne
777 894 851 971 qnid
867 894 1037 953 detrimen-

65 984 92 1044 ti
114 987 267 1061 caperent
288 985 427 1046 fidelium
450 986 584 1061 animae,
607 1005 682 1064 quas
704 987 874 1064 acquisivit
892 988 1036 1049 Christus

65 1079 220 1157 sanguine
241 1097 319 1150 suo;
347 1099 401 1139 nec
422 1097 533 1157 parum
554 1080 651 1140 etiam
683 1081 768 1140 iuvit
788 1084 826 1140 ad
856 1081 1035 1142 leniendum

65 1176 211 1234 dolorem
225 1177 375 1236 Nostrum
391 1179 479 1235 certo
494 1175 587 1246 scire,
602 1175 780 1236 antistitem
802 1181 943 1237 vestrum
965 1193 1037 1252 per-

64 1269 261 1328 secutionem
283 1268 350 1345 pati
371 1274 501 1344 propter
522 1268 692 1342 iustitiam,
714 1269 871 1347 ipsiusque
893 1275 1038 1330 constan·

65 1364 145 1424 tiam
171 1363 202 1420 in
225 1362 418 1439 perferendis
448 1363 606 1423 aerumnis
634 1356 777 1441 exemplo
798 1365 917 1436 fuisse,
943 1366 1036 1441 atque

64 1475 133 1515 esse
157 1456 347 1534 praesertim
369 1457 496 1516 huiusce
519 1456 671 1517 dioecesis
697 1457 858 1531 fidelibus,
875 1462 911 1518 ut
931 1458 962 1515 in
985 1475 1037 1516 ca-

65 1550 205 1610 tholicae
238 1549 311 1609 fidei
344 1551 537 1628 professione
558 1551 679 1611 firmius
701 1556 914 1629 perseverent.
941 1549 1037 1636 Agite

63 1641 188 1720 itaque,
205 1643 316 1703 dilecti
337 1643 410 1716 filii,
428 1647 463 1703 ut
483 1644 642 1722 coepistis,
658 1649 752 1722 atque
773 1650 809 1705 ut
829 1644 903 1704 boni
918 1644 1037 1703 milites

62 1737 188 1798 christi
210 1738 325 1796 bonum
348 1741 507 1798 certamen
530 1742 664 1812 certate,
687 1757 742 1816 pro
765 1743 852 1798 certo
874 1739 1036 1809 habentes,
1103 1759 1106 1765 ·

63 1834 146 1908 quod
171 1832 274 1892 fidelis
289 1835 338 1892 est
358 1835 451 1906 Deus,
466 1834 520 1910 qui
543 1853 603 1893 non
622 1835 764 1911 patietur
785 1852 840 1892 vos
853 1833 972 1892 tentari
988 1849 1038 1890 su·

63 1943 124 2002 pra
146 1925 179 1984 id
202 1925 281 2002 quod
305 1927 449 2002 potestis,
467 1930 517 1986 sed
541 1927 637 1987 faciet
650 1927 747 1988 etiam
768 1945 838 1986 cum
861 1929 1037 1986 tentatione

63 2022 270 2095 proventum,
287 2025 323 2078 ut
344 2020 471 2096 possitis
493 2020 663 2081 sustinere.
686 2019 825 2082 Maxima
849 2038 924 2080 vero
946 2019 1055 2080 laeti··

64 2111 113 2170 tia
135 2111 258 2188 perfusi
288 2111 404 2172 fuimus
432 2113 720 2174 animadvertentes
753 2113 934 2190 obsequium
962 2131 1039 2191 erga

62 2205 130 2265 Nos
148 2213 306 2278 vestrum,
321 2225 382 2283 quo
397 2206 504 2268 varias
523 2207 619 2268 Nobis
634 2207 832 2284 quaestiones
847 2207 1036 2284 proponitis,

66 2303 103 2358 ut
124 2299 290 2377 episcopus
312 2304 421 2360 vester
441 2319 508 2360 eam
530 2300 642 2379 agendi
662 2301 815 2362 rationem
838 2301 937 2375 ineat,
959 2319 1038 2378 quae

62 2395 96 2451 et
118 2393 226 2453 tutior
247 2399 280 2454 et
300 2396 400 2473 magis
422 2397 651 2455 accommodata
672 2395 715 2456 sit
730 2395 927 2474 gravissimis
948 2397 1039 2460 malis

62 2487 231 2548 medendis
251 2507 291 2548 ex
306 2491 372 2548 tam
394 2490 538 2550 luctuoso
561 2490 727 2552 schismate
750 2489 880 2550 obortis.
897 2489 1039 2568 Singulis

62 2585 176 2640 autem
198 2579 432 2657 quaestionibus
453 2583 549 2643 Nobis
570 2582 750 2660 propositis,
774 2601 809 2644 ac
831 2600 951 2642 summa
972 2601 1038 2644 ma·

63 2674 208 2735 turitate
222 2692 241 2734 a
253 2675 350 2737 Nobis
371 2679 543 2754 perpensis,
559 2676 691 2737 consilio
712 2677 809 2736 etiam
830 2675 937 2736 habito
958 2676 1039 2734 sele·

62 2773 135 2829 ctae
160 2769 391 2829 venerabilium
412 2771 548 2833 fratrum
564 2776 742 2830 nostrorum
764 2788 871 2830 sacrae
890 2786 1038 2830 romanae
1101 2757 1103 2762 ¹

61 2863 228 2923 Ecclesiae
269 2851 481 2924 cardinalium
517 2863 771 2942 congregationis
803 2860 1038 2936 satisfecimus,

63 2955 326 3034 quemadmodum
348 2975 387 3016 en
402 2957 569 3036 responsis,
585 2975 662 3035 quae
677 2957 805 3018 Nostris
819 2956 903 3015 hisce
917 2953 1039 3015 litteris

63 3050 267 3112 adnectimus
289 3051 534 3128 deprehenditis.
558 3051 770 3130 Apostolicam
792 3049 922 3110 interim
950 3049 1041 3108 bene·

64 3145 240 3206 dictionem
262 3145 362 3218 vobis,
379 3146 487 3206 dilecti
509 3145 582 3220 tilii,
604 3144 804 3224 peramanter
825 3144 1036 3223 impertimur.

124 3243 245 3300 Datum
272 3241 401 3310 Romae,
431 3241 510 3316 apud
537 3241 571 3300 S.
596 3240 730 3299 Mariam
758 3239 909 3299 Maiorem
937 3239 988 3298 die
1010 3237 1039 3296 V

65 3331 217 3392 Octobris
240 3331 465 3406 MDOOXOIII,
488 3331 696 3392 Pontificatus
715 3332 825 3394 Nostri
848 3349 927 3392 anno
950 3329 1036 3390 XIX.
