2606 4268
447 291 604 352 -69..

477 471 583 530 m.

418 593 550 638 umncro
568 594 650 640 runo

339 748 494 809 ABBATI
514 747 565 810 DE
587 751 715 812 SIMON

280 859 292 902 a

207 917 335 980 Vicario
359 907 515 982 &caerati
535 922 694 1002 Dioecesia
712 921 867 984 Maiensis

236 1099 434 1180 PIUS
489 1101 707 1178 PAPA
752 1101 819 1179 VI.

159 1276 298 1335 Dilecta
317 1278 405 1349 rin,
421 1279 574 1336 salutem
593 1282 629 1336 et
649 1279 884 1348 apostolicam

381 1375 675 1434 Benedictionem.

102 1529 191 1594 Quod
206 1527 427 1588 allocutionem
443 1531 594 1591 Nostram
608 1531 646 1589 de
661 1534 762 1590 morte
772 1531 926 1592 Lndovici
937 1533 1013 1592 XVI

38 1621 70 1680 in
95 1621 249 1699 gallicam
269 1621 414 1702 linguam¹
440 1627 550 1684 exacte
577 1641 650 1683 sane
678 1625 853 1701 disertoque
882 1642 1012 1685 eonver-

39 1716 137 1786 teriS,
154 1734 192 1776 ac
207 1715 445 1776 acerbissimum
460 1717 581 1776 luctum
596 1721 759 1791 Nostrum,
774 1721 869 1796 atque
884 1720 1014 1780 intimos

39 1827 171 1881 sensus,
195 1827 270 1885 quos
299 1811 337 1868 de
359 1809 448 1869 illius
468 1811 565 1888 regiis
594 1811 767 1872 virtutibus
801 1831 837 1872 ac
859 1813 1013 1890 religione

38 1913 299 1980 perceperamus,
322 1906 412 1960 tanto
436 1904 536 1980 magis
557 1921 613 1980 per
633 1906 788 1981 Europam
811 1905 943 1984 vulgato
958 1907 1015 1967 illo

39 2013 190 2054 sermone
212 1997 383 2054 noscendas
406 1993 437 2052 in
461 1997 564 2054 lucem
586 1996 745 2068 emiseris,
769 2005 895 2074 gratum
916 1998 1014 2060 Nobis

39 2090 118 2160 fuit,
142 2089 260 2148 dilecte
281 2089 341 2162 fili,
357 2087 512 2166 valdeque
528 2091 623 2150 etiam
637 2090 750 2150 laetati
773 2110 878 2150 sumus
893 2093 1014 2154 litteris

39 2185 122 2255 tria,
139 2200 217 2260 quas
238 2182 422 2244 Nobiscum
444 2187 509 2242 tam
530 2184 691 2243 elaborato
713 2185 792 2244 dono
818 2185 1013 2260 coniunctas,

39 2275 266 2336 transmisisti.
284 2276 349 2340 Quo
366 2277 431 2336 Nos
453 2275 533 2336 inte
554 2277 657 2336 animo
669 2276 833 2350 fuerimus
849 2281 1016 2355 quantum-

39 2390 101 2448 que
125 2370 201 2428 tldei
224 2388 261 2429 ao
284 2369 399 2430 iudicio
421 2375 481 2430 tuo
504 2371 720 2446 tribuerimus,
745 2373 809 2432 iam
830 2391 869 2432 ex
896 2393 933 2434 ea
952 2376 1017 2436 No-

39 2471 113 2526 stra
135 2463 331 2524 allocutione
352 2483 520 2541 agnoscere
544 2465 692 2542 potuisti,
713 2483 781 2526 cum
805 2467 943 2528 eiusdem
958 2471 1015 2532 ad-

40 2559 248 2620 notationum
264 2557 462 2634 praacipuam
484 2563 606 2636 partem
621 2578 687 2619 esse
702 2564 788 2620 tuam
805 2561 1013 2624 voluerimus.

40 2656 133 2713 Hanc
155 2652 258 2728 ipsam
280 2651 479 2711 voluntatem
501 2653 532 2712 in
554 2658 586 2714 te
607 2654 1017 2732 existimationemqueNc-

41 2751 144 2806 stram
174 2761 255 2802 nunc
282 2762 343 2802 non
367 2745 466 2804 solum
496 2746 728 2818 confirmatam,
752 2747 804 2805 sed
835 2750 868 2806 et
889 2751 1014 2808 auctam

42 2839 104 2898 tibi
128 2837 265 2898 velimus
287 2841 475 2914 persuadeas
488 2840 525 2898 ob
547 2839 728 2898 huiusmodi
749 2840 945 2916 praeclarum
968 2839 1017 2900 ol-

42 2932 154 2992 ficinm
177 2935 284 3005 tuum,
300 2951 360 3008 quo
375 2933 501 3011 egregie
517 2931 699 3006 declarasti,
714 2935 832 3010 quanto
847 2933 1018 2998 observan-

42 3026 109 3086 tiae
131 3024 237 3084 studio
259 3023 429 3086 inhaereas
450 3026 523 3085 huic
544 3025 733 3110 apostolicae
754 3025 839 3099 Sedi,
863 3043 898 3084 ac
918 3029 1016 3090 Nobis

42 3117 134 3194 ipsis3
151 3119 206 3194 qni
220 3118 359 3178 invicem
374 3121 447 3178 dum
467 3120 724 3180 commiseramur
738 3125 770 3179 et
782 3123 899 3180 sortem
913 3125 1015 3199 tuam,

44 3217 76 3271 et
100 3211 325 3288 plurimorum,
339 3213 393 3289 qui
408 3217 553 3273 extorres
568 3215 673 3290 patria
686 3215 735 3274 his
751 3215 942 3291 temporibus
958 3236 1015 3294 pro

45 3306 101 3364 Dei
124 3321 220 3364 causa
241 3303 471 3382 profugerunt,
495 3323 556 3366 una
576 3307 673 3368 etiam
694 3311 872 3367 vestrorum
894 3309 1018 3376 animo·

46 3416 114 3459 rum
135 3397 335 3472 fortitudini,
359 3397 568 3473 constantiae,
590 3419 625 3460 ac
645 3401 859 3478 singularibus
880 3403 916 3462 de
939 3405 1017 3466 reli-

47 3493 138 3568 gione
169 3492 294 3552 meritis
327 3493 460 3554 mirifice
492 3494 633 3556 favemus
660 3500 753 3573 atque
782 3493 1013 3571 applaudimus.

48 3584 205 3662 Tibique,
229 3585 343 3646 dilecte
371 3586 437 3658 fili,
462 3587 645 3648 caelestium
666 3607 830 3650 munerum
861 3591 1015 3669 auspicem
