2606 4268
83 353 164 419 sima
192 351 396 429 quaestione,
418 350 563 410 extitisse
584 352 822 427 contentiones3
844 352 917 413 aliis
936 353 1050 412 existi-

82 445 244 506 mantibus
267 445 445 505 usurarium
468 463 535 504 esse
557 446 706 525 quidquid
728 463 823 522 supra
843 449 959 506 sortem
980 447 1050 520 oxi-

84 547 186 622 gitur,
209 543 269 603 nisi
290 544 390 603 fuerit
411 547 537 604 lacrum
557 561 683 604 cessans
703 548 759 605 aut
780 546 1051 606 damoomcmer·

83 655 183 716 year:
205 638 418 698 asserentibus
447 637 537 709 aliis,
562 637 642 696 nihil
667 655 735 696 esse
763 638 895 714 pcccati,
919 639 945 698 si
967 659 998 699 v.
1016 657 1047 716 g.

84 737 223 796 fructum
243 735 412 814 percipiam
435 755 475 796 ex
496 735 628 812 pecunia
643 735 674 794 in
703 741 853 796 mutuum·
870 739 954 810 data,
970 754 1061 816 quae«

84 829 254 905 accipienti
268 829 424 906 copiosum
445 829 477 888 in
501 828 716 904 negociatione
738 829 980 891 emolumentum
1002 831 1050 892 al·

84 924 168 982 lert:
185 925 324 999 hancque
339 923 442 981 mutui
454 922 586 998 speciem
609 927 724 982 vocant
736 933 886 983 mutuum
899 943 1051 986 commer-

84 1018 142 1075 cii.
158 1015 238 1074 Hinc
260 1015 404 1074 nonnulli
419 1015 613 1074 contendunt
627 1021 753 1090 praeter
768 1017 915 1093 vulgatos
929 1017 1049 1094 aliquid

85 1131 183 1190 supra
204 1117 323 1173 sortem
344 1113 515 1190 accipiendi
537 1117 570 1172 et
590 1117 780 1174 memoratos
801 1115 914 1174 titulos
935 1117 1051 1176 domni

84 1209 280 1284 cmcrpeotis
300 1214 331 1266 et
353 1209 438 1266 locri
458 1208 632 1276 cessantis,
657 1207 787 1264 tertium
809 1210 961 1284 quendam
982 1227 1050 1268 esse

86 1303 330 1378 agnoscendum,
353 1300 474 1360 scilicet
496 1301 580 1360 locri
600 1299 817 1358 advenientis.

149 1398 198 1456 Ex
218 1393 276 1453 illa
297 1412 389 1470 porro
405 1395 582 1471 opinionum
599 1393 757 1453 varietate
772 1394 908 1471 contigit
929 1399 965 1454 ut
980 1395 1049 1473 plu·

85 1506 138 1548 res
159 1487 361 1560 confessarii,
384 1503 567 1564 quamquam
594 1487 693 1563 priori
722 1487 896 1546 sententiae
917 1487 1049 1561 addicti,

86 1582 284 1660 poenitentes
305 1580 389 1640 circa
410 1579 562 1638 eiusmodi
591 1597 700 1638 usuras
729 1579 892 1656 nequidem
914 1581 1052 1640 iuterro-

86 1691 163 1752 gara
184 1663 251 1734 ansi
274 1673 413 1747 luerint3
436 1675 535 1733 satius
551 1692 617 1732 esse
640 1673 865 1732 existimabant
878 1692 930 1733 eos
951 1674 1050 1750 quali·

89 1785 221 1844 cumque
249 1767 348 1826 bonae
375 1767 447 1826 fidei
472 1767 696 1839 committere,
719 1785 809 1842 quam
839 1767 946 1838 veris,
975 1783 1051 1844 quas

86 1880 146 1920 non
169 1865 320 1938 poterant
342 1863 469 1936 portare
490 1863 593 1932 modo,
617 1861 757 1920 imbuere
778 1862 943 1921 doctrinis.

148 1959 251 2032 Atque
271 1955 299 2013 is
320 1959 391 2013 erat
411 1954 643 2014 controversiae
658 1959 771 2027 status,
788 1957 909 2030 quando
932 1955 1052 2030 prodiit

86 2051 269 2110 Conventus
279 2047 454 2122 „nationalis
475 2048 648 2119 decretum,
664 2063 724 2122 quo
739 2064 778 2105 ex
793 2051 937 2108 mutuata
958 2065 1061 2124 pecu··

85 2141 142 2200 nia
163 2140 302 2199 fructum
324 2157 460 2198 annuum
482 2144 515 2198 et
537 2140 708 2213 stipulandi
724 2145 756 2199 et
771 2141 959 2216 percipiendi
983 2141 1053 2199 uni·

84 2235 198 2308 cuique
220 2235 343 2292 asserta
363 2234 412 2290 est
441 2235 591 2309 potestas.
617 2235 725 2309 Neque
747 2232 821 2292 ullis
849 2232 953 2292 voluit
973 2234 1052 2293 hanc

85 2343 176 2385 suam
198 2325 299 2401 legem
322 2323 536 2382 circumscribi
559 2324 716 2384 limitibus
732 2325 899 2384 rationalis
914 2327 1054 2386 Conven-

85 2427 158 2491 τηε,
188 2435 257 2476 oum
287 2417 405 2476 nullam
434 2429 554 2478 annuae
585 2417 809 2496 praestationis
836 2421 943 2478 taxam
975 2418 1054 2479 assi·

86 2511 249 2590 gravarit.

149 2622 167 2664 s
183 2604 238 2664 His
253 2603 443 2681 praemissis,
461 2605 604 2665 nonnulli
623 2607 800 2665 secerdotes
821 2605 935 2666 Gallici
951 2605 982 2664 in
997 2622 1051 2682 pa·

84 2715 104 2758 u
119 2697 218 2757 triam
232 2715 304 2756 mox
319 2698 479 2757 reversuri
494 2700 656 2776 postulant
670 2701 707 2758 ut
718 2701 1053 2782 statuatur,quomodo

84 2792 154 2852 »in
179 2790 332 2849 tribunali
362 2789 575 2866 poenitentiae
603 2793 756 2868 agendum
785 2791 829 2850 sit
849 2809 919 2849 cum
941 2789 979 2850 iis
999 2789 1053 2866 qui

84 2901 160 2943 »ex
175 2884 380 2958 pecunianon
399 2883 537 2942 alienata
551 2884 689 2942 fructum
704 2901 838 2942 annuum
862 2883 1052 2960 percipiunt,

85 2994 104 3037 a
119 2995 221 3052 neque
244 2976 458 3051 exceptionem
475 2979 558 3036 lucri
571 2979 726 3036 cessantis
745 2985 804 3036 out
825 2977 941 3035 domni
956 2993 1055 3036 emer·

84 3073 231 3148 »pectis
253 3073 383 3146 possunt
405 3073 622 3146 praetendere,
639 3070 690 3128 sed
704 3070 920 3146 exceptionem
942 3071 1054 3130 solum-

85 3165 212 3224 ›modo
236 3165 320 3222 lucri
342 3164 560 3234 advenientis,
578 3163 644 3221 sive
665 3162 726 3239 ipsi
748 3163 945 3239 poenitentes
966 3181 1002 3222 ea
1017 3165 1054 3222 de

84 3275 154 3317 »re
179 3271 252 3315 suas
273 3255 462 3314 confessario
490 3255 669 3314 anxietates
691 3257 854 3332 aperiant,
877 3256 945 3316 sive
974 3255 1054 3316 nihil

84 3365 253 3425 »prorsus
275 3348 362 3406 dubii
384 3348 590 3424 experiantur
612 3348 663 3407 vel
686 3347 905 3425 significent.»

146 3443 248 3508 Quam
277 3444 382 3500 autem
414 3441 577 3516 postulant
608 3441 721 3516 agendi
749 3441 890 3517 regulam
919 3459 1000 3500 nunc
1021 3458 1056 3499 eo
1107 3489 1112 3496 .

83 3535 188 3613 magis
202 3535 380 3596 necessaria
397 3534 605 3611 intelligitur,
620 3535 700 3610 quod
715 3533 925 3594 recentiorum
955 3533 1057 3594 casui·

939 3639 956 3672 tr
