2632 4262
668 272 706 284 ..
729 238 797 304 252Ι
811 272 849 284 ..

274 347 412 420 timenti,
436 367 452 407 e
474 349 505 408 di
531 347 606 409 farli
630 349 782 427 giungere
803 346 1105 409 all’eminentissimo
1128 345 1243 424 signer

273 440 431 502 cardinale
443 441 570 514 Albani,
580 444 705 502 decano.
715 442 788 520 Egli
803 441 826 502 li
839 442 977 520 presenti
989 441 1020 501 al
1035 457 1140 498 nuovo
1155 441 1244 500 Som-

273 553 323 596 mo
344 536 515 612 Ponteflce,
539 537 585 614 gli
607 537 675 597 baci
696 538 707 598 i
730 537 813 598 santi
836 537 920 614 piedi
943 555 962 596 a
983 553 1071 596 nome
1095 533 1176 606 mio,
1199 532 1245 610 gli

274 629 418 690 domandi
437 649 498 690 una
512 630 656 707 plenaria
674 631 863 711 indulgence
877 631 927 692 del
942 630 1005 690 mio
1018 628 1109 702 fallo3
1126 647 1144 688 e
1162 626 1243 686 tutti

274 722 319 800 gli
337 723 578 784 eminentissimi
593 724 716 802 signori
731 724 887 785 cardinali
902 724 1054 802 preghino
1068 736 1126 798 per
1140 719 1245 780 carita

274 815 409 893 riposoe
428 834 501 893 pace
522 835 541 876 a
561 818 792 895 quest'anima,
816 818 847 877 la
869 817 960 894 quale
983 835 1014 875 se
1036 816 1134 873 cadde
1159 812 1246 872 nella

275 909 439 970 debolezza
460 909 490 968 di
512 910 691 971 rinunziare
713 912 777 971 alla
800 929 890 972 sacra
908 910 1032 988 dignita
1045 909 1097 968 cui
1110 907 1177 966 essi
1191 924 1245 982 ag-

275 1001 433 1079 giungono
457 1003 561 1063 lustro
585 1005 669 1066 colla
690 1005 757 1066 loro
781 1007 945 1078 oostensa,
968 1004 995 1064 si
1016 1009 1033 1062 e
1052 1003 1244 1062 conservata

273 1103 348 1173 pero
363 1115 484 1175 sempre
496 1097 597 1158 fedele
608 1100 703 1172 aDio,
717 1100 781 1160 alla
793 1101 889 1170 Fene,
899 1099 963 1159 ella
976 1097 1101 1170 chiesa,
1117 1115 1134 1154 e
1150 1095 1243 1172 parte

274 1189 326 1250 dal
342 1193 452 1250 mondo
468 1192 519 1251 nel
533 1192 621 1253 bacio
643 1193 693 1252 del
710 1191 885 1254 Orocifisso.

395 1288 507 1360 Roma,
530 1286 553 1345 li
574 1286 594 1346 8
615 1285 754 1348 lebbraio
778 1285 866 1346 1800.

908 1404 942 1464 V.
959 1367 1007 1464 nt.
1023 1403 1160 1462 auara

603 1608 753 1664 muno
772 1611 909 1666 vento

358 1769 686 1840 PROTESTATIO
710 1771 800 1842 SEU
823 1769 1161 1842 RETRAGTA'PIO

298 1947 592 2008 VINGENTII
621 1949 834 2008 MARIAE
861 1949 922 2006 DE
953 1945 1222 2008 ALTERIIS

546 2101 627 2147 oum
644 2101 670 2146 S.
681 2102 712 2146 R.
723 2101 753 2146 Ε.
772 2099 971 2148 aerumans

337 2235 483 2297 Imminet
504 2235 565 2296 iam
580 2235 658 2296 mihi
680 2238 757 2296 hora
779 2235 903 2308 mortis,
927 2235 1069 2311 iusteque
1090 2233 1148 2294 Dei
1171 2250 1242 2310 pro-

277 2328 419 2389 videntia
441 2329 565 2389 unicum
589 2329 736 2389 solatium
759 2329 836 2390 mihi
858 2332 964 2406 negat,
980 2329 1059 2404 quod
1074 2328 1112 2386 ad
1136 2327 1243 2403 perfe-

277 2423 359 2479 ctam
371 2437 470 2479 meam
484 2420 750 2497 tranquillitatem
766 2420 798 2479 in
814 2421 871 2480 hoc
894 2437 1037 2497 supremo
1060 2419 1242 2478 discrimine

277 2513 443 2573 sufficeret.
473 2509 562 2572 ssn’n
591 2514 697 2574 Patris
727 2515 819 2574 venia
848 2513 1043 2590 praeteritae
1067 2531 1157 2573 meae
1186 2529 1242 2588 pu·

275 2605 511 2680 sillaoimitati‚
535 2607 614 2668 illud
645 2627 738 2668 unum
767 2609 919 2686 estquod
943 2607 1096 2667 desidero.
1120 2607 1240 2666 Verum

277 2701 408 2779 supplex
431 2700 556 2778 petitio,
572 2719 664 2777 quam
687 2719 743 2778 per
757 2700 1048 2762 Eminentissimnm
1064 2703 1152 2760 Dom.
1166 2701 1242 2761 Gar·
1298 2727 1299 2776 3

276 2794 413 2855 dinalem
435 2795 635 2854 Franciscum
660 2793 775 2854 Albani
802 2794 884 2853 sacri
909 2792 1043 2870 collegii
1068 2795 1238 2868 Decanum,

276 2887 394 2948 iamdiu
408 2888 477 2946 dedi
492 2889 529 2947 ad
545 2904 692 2964 magnum
704 2891 738 2947 et
753 2885 964 2946 immortalem
977 2887 1069 2946 Pium
1081 2888 1125 2946 Vl
1137 2904 1239 2948 meum

275 2981 522 3054 benefactorem,
538 2983 576 3042 ad
592 2981 684 3041 huius
706 2983 799 3056 pedes
809 2980 915 3040 delata
937 2999 998 3040 non
1014 2985 1075 3054 est3
1091 2969 1238 3056 queniam

277 3074 344 3149 ipse
365 3075 397 3132 in
420 3075 536 3134 Galliis
551 3075 589 3135 ab
605 3075 745 3135 hostibus
765 3075 967 3152 raptabatur,
982 3078 1017 3134 et
1027 3075 1059 3133 in
1074 3075 1238 3136 Adriatico

277 3167 405 3226 errabat
426 3166 614 3227 intercessor
635 3167 821 3229 cardinalis.
838 3168 959 3228 Morior
981 3171 1148 3245 antequam
1164 3169 1238 3228 Suo-

276 3276 379 3318 cessor
401 3258 467 3317 eius
495 3259 652 3337 eligatur:
677 3279 775 3337 neque
797 3261 836 3321 ab
858 3261 920 3322 isto
935 3261 1074 3320 ⁴veniam
1096 3261 1237 3320 obtinere

276 3368 411 3430 possum.
428 3353 515 3412 Hanc
536 3351 637 3429 igitur
658 3371 753 3412 exoro
774 3355 807 3413 et
820 3371 839 3412 a
853 3357 916 3413 Deo
938 3357 971 3414 et
985 3372 1004 3414 a
1019 3371 1106 3414 sacro
1128 3353 1237 3416 Oardi-

277 3445 395 3506 nalium
417 3445 564 3524 collegi03
581 3464 713 3522 quorum
728 3465 745 3506 e
761 3465 889 3506 numero
905 3464 984 3506 unus
998 3447 1145 3522 quamuis
1159 3447 1237 3506 indi·

278 3557 357 3616 gnus
378 3539 496 3616 etipse
517 3537 592 3598 olim
613 3535 677 3611 fuit
701 3539 822 3598 utinam
844 3544 878 3599 et
904 3557 984 3598 nunc
1011 3543 1129 3598 essem!
1153 3541 1235 3600 Hanc
