<?xml version="1.0" encoding="UTF-8"?>
<!DOCTYPE html PUBLIC "-//W3C//DTD XHTML 1.0 Transitional//EN"
    "http://www.w3.org/TR/xhtml1/DTD/xhtml1-transitional.dtd">
<html xmlns="http://www.w3.org/1999/xhtml" xml:lang="en" lang="en">
 <head>
  <title>
</title>
<meta http-equiv="Content-Type" content="text/html;charset=utf-8" />
  <meta name='ocr-system' content='tesseract 3.04.00' />
  <meta name='ocr-capabilities' content='ocr_page ocr_carea ocr_par ocr_line ocrx_word'/>
</head>
<body>
  <div class='ocr_page' id='page_1' title='image "./piivipontmaxact02piusgoog_0148.png"; bbox 0 0 2606 4268; ppageno 0'>
   <div class='ocr_carea' id='block_1_1' title="bbox 679 299 859 358">
    <p class='ocr_par' dir='ltr' id='par_1_1' title="bbox 679 299 859 358">
     <span class='ocr_line' id='line_1_1' title="bbox 679 299 859 358; baseline 0 -1"><span class='ocrx_word' id='word_1_1' title='bbox 679 299 859 358; x_wconf 81' lang='lat'>-136-</span> 
     </span>
    </p>
   </div>
   <div class='ocr_carea' id='block_1_2' title="bbox 212 393 1298 3657">
    <p class='ocr_par' dir='ltr' id='par_1_2' title="bbox 287 393 1298 930">
     <span class='ocr_line' id='line_1_2' title="bbox 287 393 1298 480; baseline -0.004 -18"><span class='ocrx_word' id='word_1_2' title='bbox 287 401 375 462; x_wconf 89' lang='lat' dir='ltr'><strong>sima.</strong></span> <span class='ocrx_word' id='word_1_3' title='bbox 393 404 439 462; x_wconf 83' lang='lat' dir='ltr'><strong>Ea</strong></span> <span class='ocrx_word' id='word_1_4' title='bbox 459 403 625 480; x_wconf 88' lang='lat' dir='ltr'><strong>praecipue</strong></span> <span class='ocrx_word' id='word_1_5' title='bbox 647 405 843 465; x_wconf 86' lang='lat' dir='ltr'><strong>confirmasti</strong></span> <span class='ocrx_word' id='word_1_6' title='bbox 863 404 986 466; x_wconf 86' lang='lat' dir='ltr'><strong>litteris</strong></span> <span class='ocrx_word' id='word_1_7' title='bbox 1008 405 1072 464; x_wconf 85' lang='lat' dir='ltr'><strong>tuis</strong></span> <span class='ocrx_word' id='word_1_8' title='bbox 1093 403 1144 464; x_wconf 89' lang='lat' dir='ltr'><strong>die</strong></span> <span class='ocrx_word' id='word_1_9' title='bbox 1166 403 1255 464; x_wconf 80' lang='lat' dir='ltr'><strong>vice·</strong></span> <span class='ocrx_word' id='word_1_10' title='bbox 1297 393 1298 472; x_wconf 81' lang='lat' dir='ltr'><strong>l</strong></span> 
     </span>
     <span class='ocr_line' id='line_1_3' title="bbox 287 473 1298 576; baseline 0.001 -21"><span class='ocrx_word' id='word_1_11' title='bbox 287 495 366 556; x_wconf 84' lang='lat' dir='ltr'><strong>sima</strong></span> <span class='ocrx_word' id='word_1_12' title='bbox 394 496 496 573; x_wconf 90' lang='lat' dir='ltr'><strong>prima</strong></span> <span class='ocrx_word' id='word_1_13' title='bbox 520 497 639 573; x_wconf 82' lang='lat' dir='ltr'>Aprilis</span> <span class='ocrx_word' id='word_1_14' title='bbox 668 499 773 572; x_wconf 87' lang='lat' dir='ltr'><strong>datis,</strong></span> <span class='ocrx_word' id='word_1_15' title='bbox 802 500 833 558; x_wconf 90' lang='lat' dir='ltr'><strong>in</strong></span> <span class='ocrx_word' id='word_1_16' title='bbox 862 499 974 576; x_wconf 89' lang='lat' dir='ltr'><strong>quibus</strong></span> <span class='ocrx_word' id='word_1_17' title='bbox 1003 497 1109 558; x_wconf 77' lang='lat' dir='ltr'><strong>defers</strong></span> <span class='ocrx_word' id='word_1_18' title='bbox 1126 499 1164 555; x_wconf 89' lang='lat' dir='ltr'><strong>ad</strong></span> <span class='ocrx_word' id='word_1_19' title='bbox 1187 473 1298 556; x_wconf 73' lang='lat' dir='ltr'><strong>Nes</strong></span> 
     </span>
     <span class='ocr_line' id='line_1_4' title="bbox 288 587 1298 666; baseline -0.001 -17"><span class='ocrx_word' id='word_1_20' title='bbox 288 608 418 666; x_wconf 79' lang='lat' dir='ltr'><strong>gravem</strong></span> <span class='ocrx_word' id='word_1_21' title='bbox 447 591 539 650; x_wconf 90' lang='lat' dir='ltr'><strong>unius</strong></span> <span class='ocrx_word' id='word_1_22' title='bbox 561 609 578 650; x_wconf 88' lang='lat' dir='ltr'><strong>e</strong></span> <span class='ocrx_word' id='word_1_23' title='bbox 600 595 656 651; x_wconf 86' lang='lat' dir='ltr'><strong>tna</strong></span> <span class='ocrx_word' id='word_1_24' title='bbox 674 593 807 652; x_wconf 88' lang='lat' dir='ltr'><strong>dioecesi</strong></span> <span class='ocrx_word' id='word_1_25' title='bbox 829 593 1009 654; x_wconf 86' lang='lat' dir='ltr'><strong>Ecclesiast&#39;</strong></span> <span class='ocrx_word' id='word_1_26' title='bbox 1002 592 1046 651; x_wconf 91' lang='lat' dir='ltr'><strong>1ci</strong></span> <span class='ocrx_word' id='word_1_27' title='bbox 1070 609 1194 661; x_wconf 84' lang='lat' dir='ltr'><strong>casum,</strong></span> <span class='ocrx_word' id='word_1_28' title='bbox 1219 589 1253 648; x_wconf 88' lang='lat' dir='ltr'><strong>in</strong></span> <span class='ocrx_word' id='word_1_29' title='bbox 1297 587 1298 666; x_wconf 42' lang='grc' dir='ltr'><strong>ζ</strong></span> 
     </span>
     <span class='ocr_line' id='line_1_5' title="bbox 287 679 1298 759; baseline 0.001 -18"><span class='ocrx_word' id='word_1_30' title='bbox 287 701 349 758; x_wconf 86' lang='lat' dir='ltr'><strong>quo</strong></span> <span class='ocrx_word' id='word_1_31' title='bbox 369 687 413 756; x_wconf 92' lang='lat' dir='ltr'><strong>te,</strong></span> <span class='ocrx_word' id='word_1_32' title='bbox 430 694 466 744; x_wconf 91' lang='lat' dir='ltr'><strong>ut</strong></span> <span class='ocrx_word' id='word_1_33' title='bbox 479 683 510 742; x_wconf 92' lang='lat' dir='ltr'><strong>in</strong></span> <span class='ocrx_word' id='word_1_34' title='bbox 526 687 641 745; x_wconf 82' lang='lat' dir='ltr'><strong>ceteris</strong></span> <span class='ocrx_word' id='word_1_35' title='bbox 660 687 827 757; x_wconf 80' lang='lat' dir='ltr'><strong>similibus,</strong></span> <span class='ocrx_word' id='word_1_36' title='bbox 840 687 963 745; x_wconf 90' lang='lat' dir='ltr'><strong>nonnisi</strong></span> <span class='ocrx_word' id='word_1_37' title='bbox 978 703 1017 744; x_wconf 82' lang='lat' dir='ltr'><strong>ex</strong></span> <span class='ocrx_word' id='word_1_38' title='bbox 1030 687 1150 746; x_wconf 86' lang='lat' dir='ltr'><strong>Nostra</strong></span> <span class='ocrx_word' id='word_1_39' title='bbox 1162 701 1256 759; x_wconf 81' lang='lat' dir='ltr'><strong>prae·</strong></span> <span class='ocrx_word' id='word_1_40' title='bbox 1297 679 1298 742; x_wconf 70' lang='lat' dir='ltr'><strong>i</strong></span> 
     </span>
     <span class='ocr_line' id='line_1_6' title="bbox 289 769 1298 854; baseline 0.001 -19"><span class='ocrx_word' id='word_1_41' title='bbox 289 775 466 853; x_wconf 88' lang='lat' dir='ltr'><strong>scriptione·</strong></span> <span class='ocrx_word' id='word_1_42' title='bbox 482 776 656 854; x_wconf 90' lang='lat' dir='ltr'><strong>iudicioque</strong></span> <span class='ocrx_word' id='word_1_43' title='bbox 677 782 822 838; x_wconf 88' lang='lat' dir='ltr'><strong>acturum</strong></span> <span class='ocrx_word' id='word_1_44' title='bbox 848 778 1019 854; x_wconf 77' lang='lat' dir='ltr'><strong>profiteris</strong></span> <span class='ocrx_word' id='word_1_45' title='bbox 1036 779 1066 838; x_wconf 89' lang='lat' dir='ltr'><strong>Is</strong></span> <span class='ocrx_word' id='word_1_46' title='bbox 1078 780 1184 836; x_wconf 86' lang='lat' dir='ltr'><strong>autem</strong></span> <span class='ocrx_word' id='word_1_47' title='bbox 1199 793 1253 836; x_wconf 85' lang='lat' dir='ltr'><strong>ca·</strong></span> <span class='ocrx_word' id='word_1_48' title='bbox 1297 769 1298 836; x_wconf 77' lang='lat' dir='ltr'><strong>i</strong></span> 
     </span>
     <span class='ocr_line' id='line_1_7' title="bbox 288 870 966 930; baseline 0.001 0"><span class='ocrx_word' id='word_1_49' title='bbox 288 888 340 930; x_wconf 84' lang='lat' dir='ltr'><strong>sus</strong></span> <span class='ocrx_word' id='word_1_50' title='bbox 362 874 412 929; x_wconf 89' lang='lat' dir='ltr'><strong>est</strong></span> <span class='ocrx_word' id='word_1_51' title='bbox 433 870 624 930; x_wconf 88' lang='lat' dir='ltr'><strong>huiusmodi.</strong></span> <span class='ocrx_word' id='word_1_52' title='bbox 962 890 966 896; x_wconf 65' lang='lat'><strong>¹</strong></span> 
     </span>
    </p>

    <p class='ocr_par' dir='ltr' id='par_1_3' title="bbox 286 964 1298 1322">
     <span class='ocr_line' id='line_1_8' title="bbox 348 964 1252 1046; baseline -0.004 -21"><span class='ocrx_word' id='word_1_53' title='bbox 348 965 487 1025; x_wconf 84' lang='lat' dir='ltr'><strong>Aloisius</strong></span> <span class='ocrx_word' id='word_1_54' title='bbox 504 965 623 1026; x_wconf 87' lang='lat' dir='ltr'><strong>Linder</strong></span> <span class='ocrx_word' id='word_1_55' title='bbox 643 969 737 1026; x_wconf 85' lang='lat' dir='ltr'><strong>antea</strong></span> <span class='ocrx_word' id='word_1_56' title='bbox 757 967 789 1024; x_wconf 89' lang='lat' dir='ltr'><strong>in</strong></span> <span class='ocrx_word' id='word_1_57' title='bbox 812 969 867 1026; x_wconf 92' lang='lat' dir='ltr'><strong>tuo</strong></span> <span class='ocrx_word' id='word_1_58' title='bbox 888 964 1065 1026; x_wconf 87' lang='lat' dir='ltr'><strong>Seminario&#39;</strong></span> <span class='ocrx_word' id='word_1_59' title='bbox 1091 964 1252 1046; x_wconf 83' lang='lat' dir='ltr'><strong>alumnus,</strong></span> 
     </span>
     <span class='ocr_line' id='line_1_9' title="bbox 289 1056 1253 1133; baseline -0.004 -15"><span class='ocrx_word' id='word_1_60' title='bbox 289 1058 432 1133; x_wconf 81' lang='lat' dir='ltr'><strong>deinceps</strong></span> <span class='ocrx_word' id='word_1_61' title='bbox 458 1059 682 1118; x_wconf 89' lang='lat' dir='ltr'><strong>nonnullorum</strong></span> <span class='ocrx_word' id='word_1_62' title='bbox 706 1059 865 1120; x_wconf 87' lang='lat' dir='ltr'><strong>fautorum</strong></span> <span class='ocrx_word' id='word_1_63' title='bbox 881 1059 1131 1133; x_wconf 86' lang='lat' dir='ltr'><strong>asseclarumque</strong></span> <span class='ocrx_word' id='word_1_64' title='bbox 1144 1056 1253 1116; x_wconf 87' lang='lat' dir='ltr'><strong>civilis</strong></span> 
     </span>
     <span class='ocr_line' id='line_1_10' title="bbox 288 1150 1252 1222; baseline -0.005 -10"><span class='ocrx_word' id='word_1_65' title='bbox 288 1153 321 1212; x_wconf 90' lang='lat' dir='ltr'><strong>in</strong></span> <span class='ocrx_word' id='word_1_66' title='bbox 343 1152 448 1212; x_wconf 80' lang='lat' dir='ltr'><strong>Gallia</strong></span> <span class='ocrx_word' id='word_1_67' title='bbox 470 1153 705 1212; x_wconf 81' lang='lat' dir='ltr'><strong>constitutionis</strong></span> <span class='ocrx_word' id='word_1_68' title='bbox 727 1153 807 1214; x_wconf 86' lang='lat' dir='ltr'><strong>cleri</strong></span> <span class='ocrx_word' id='word_1_69' title='bbox 829 1153 963 1214; x_wconf 86' lang='lat' dir='ltr'><strong>artificio</strong></span> <span class='ocrx_word' id='word_1_70' title='bbox 988 1153 1135 1222; x_wconf 75' lang='lat' dir='ltr'><strong>illectae,</strong></span> <span class='ocrx_word' id='word_1_71' title='bbox 1159 1170 1192 1210; x_wconf 90' lang='lat' dir='ltr'><strong>se</strong></span> <span class='ocrx_word' id='word_1_72' title='bbox 1218 1150 1252 1208; x_wconf 90' lang='lat' dir='ltr'><strong>in</strong></span> 
     </span>
     <span class='ocr_line' id='line_1_11' title="bbox 286 1233 1298 1322; baseline -0.008 -15"><span class='ocrx_word' id='word_1_73' title='bbox 286 1245 519 1322; x_wconf 81' lang='lat' dir='ltr'><strong>Argentinonse</strong></span> <span class='ocrx_word' id='word_1_74' title='bbox 544 1245 753 1306; x_wconf 84' lang='lat' dir='ltr'><strong>Seminarium</strong></span> <span class='ocrx_word' id='word_1_75' title='bbox 778 1245 968 1318; x_wconf 83' lang='lat' dir='ltr'><strong>transtulit,</strong></span> <span class='ocrx_word' id='word_1_76' title='bbox 991 1245 1094 1321; x_wconf 90' lang='lat' dir='ltr'><strong>ibique</strong></span> <span class='ocrx_word' id='word_1_77' title='bbox 1116 1262 1134 1303; x_wconf 85' lang='lat' dir='ltr'><strong>a</strong></span> <span class='ocrx_word' id='word_1_78' title='bbox 1154 1245 1254 1304; x_wconf 90' lang='lat' dir='ltr'><strong>Bran·</strong></span> <span class='ocrx_word' id='word_1_79' title='bbox 1297 1233 1298 1258; x_wconf 57' lang='lat'>*</span> 
     </span>
    </p>

    <p class='ocr_par' dir='ltr' id='par_1_4' title="bbox 212 1333 1254 1416">
     <span class='ocr_line' id='line_1_12' title="bbox 212 1333 1254 1416; baseline -0.006 -18"><span class='ocrx_word' id='word_1_80' title='bbox 212 1411 215 1416; x_wconf 23' lang='lat'>¹</span> <span class='ocrx_word' id='word_1_81' title='bbox 289 1341 346 1398; x_wconf 86' lang='lat' dir='ltr'><strong>der</strong></span> <span class='ocrx_word' id='word_1_82' title='bbox 367 1339 489 1398; x_wconf 88' lang='lat' dir='ltr'><strong>intruso</strong></span> <span class='ocrx_word' id='word_1_83' title='bbox 510 1338 543 1396; x_wconf 92' lang='lat' dir='ltr'><strong>in</strong></span> <span class='ocrx_word' id='word_1_84' title='bbox 564 1357 631 1398; x_wconf 83' lang='lat' dir='ltr'><strong>eam</strong></span> <span class='ocrx_word' id='word_1_85' title='bbox 660 1340 830 1400; x_wconf 83' lang='lat' dir='ltr'><strong>Ecclesiam</strong></span> <span class='ocrx_word' id='word_1_86' title='bbox 853 1339 1002 1415; x_wconf 83' lang='lat' dir='ltr'><strong>Episcopo</strong></span> <span class='ocrx_word' id='word_1_87' title='bbox 1028 1339 1066 1396; x_wconf 85' lang='lat' dir='ltr'><strong>ad</strong></span> <span class='ocrx_word' id='word_1_88' title='bbox 1096 1341 1162 1395; x_wconf 88' lang='lat' dir='ltr'><strong>tres</strong></span> <span class='ocrx_word' id='word_1_89' title='bbox 1192 1333 1254 1394; x_wconf 84' lang='lat' dir='ltr'><strong>fuit</strong></span> 
     </span>
    </p>

    <p class='ocr_par' dir='ltr' id='par_1_5' title="bbox 286 1429 1298 3454">
     <span class='ocr_line' id='line_1_13' title="bbox 289 1429 1298 1516; baseline -0.005 -25"><span class='ocrx_word' id='word_1_90' title='bbox 289 1450 392 1492; x_wconf 86' lang='lat' dir='ltr'><strong>sacros</strong></span> <span class='ocrx_word' id='word_1_91' title='bbox 415 1433 539 1492; x_wconf 82' lang='lat' dir='ltr'><strong>ordines</strong></span> <span class='ocrx_word' id='word_1_92' title='bbox 562 1439 736 1508; x_wconf 90' lang='lat' dir='ltr'><strong>promotus,</strong></span> <span class='ocrx_word' id='word_1_93' title='bbox 749 1439 842 1510; x_wconf 85' lang='lat' dir='ltr'><strong>atque</strong></span> <span class='ocrx_word' id='word_1_94' title='bbox 858 1450 896 1492; x_wconf 78' lang='lat' dir='ltr'><strong>ex</strong></span> <span class='ocrx_word' id='word_1_95' title='bbox 911 1433 1048 1492; x_wconf 86' lang='lat' dir='ltr'><strong>ciusdem</strong></span> <span class='ocrx_word' id='word_1_96' title='bbox 1067 1429 1186 1489; x_wconf 85' lang='lat' dir='ltr'><strong>intrusi</strong></span> <span class='ocrx_word' id='word_1_97' title='bbox 1200 1445 1254 1486; x_wconf 89' lang='lat' dir='ltr'><strong>vo-</strong></span> <span class='ocrx_word' id='word_1_98' title='bbox 1297 1481 1298 1516; x_wconf 58' lang='lat'><strong>,</strong></span> 
     </span>
     <span class='ocr_line' id='line_1_14' title="bbox 288 1520 1298 1602; baseline -0.004 -18"><span class='ocrx_word' id='word_1_99' title='bbox 288 1525 414 1585; x_wconf 85' lang='lat' dir='ltr'><strong>luntate</strong></span> <span class='ocrx_word' id='word_1_100' title='bbox 435 1525 611 1584; x_wconf 88' lang='lat' dir='ltr'><strong>animarum</strong></span> <span class='ocrx_word' id='word_1_101' title='bbox 633 1543 740 1586; x_wconf 89' lang='lat' dir='ltr'><strong>curam</strong></span> <span class='ocrx_word' id='word_1_102' title='bbox 763 1525 795 1584; x_wconf 89' lang='lat' dir='ltr'><strong>in</strong></span> <span class='ocrx_word' id='word_1_103' title='bbox 817 1525 917 1584; x_wconf 85' lang='lat' dir='ltr'><strong>variis</strong></span> <span class='ocrx_word' id='word_1_104' title='bbox 931 1524 1089 1602; x_wconf 85' lang='lat' dir='ltr'><strong>Spirensis</strong></span> <span class='ocrx_word' id='word_1_105' title='bbox 1104 1520 1254 1583; x_wconf 85' lang='lat' dir='ltr'><strong>dioecesis</strong></span> <span class='ocrx_word' id='word_1_106' title='bbox 1297 1555 1298 1600; x_wconf 56' lang='lat' dir='ltr'><strong>p</strong></span> 
     </span>
     <span class='ocr_line' id='line_1_15' title="bbox 286 1614 1253 1694; baseline -0.005 -16"><span class='ocrx_word' id='word_1_107' title='bbox 286 1618 543 1678; x_wconf 87' lang='lat' dir='ltr'><strong>locisexercuit.</strong></span> <span class='ocrx_word' id='word_1_108' title='bbox 561 1620 662 1678; x_wconf 86' lang='lat' dir='ltr'><strong>Porro</strong></span> <span class='ocrx_word' id='word_1_109' title='bbox 684 1637 831 1679; x_wconf 86' lang='lat' dir='ltr'><strong>reversus</strong></span> <span class='ocrx_word' id='word_1_110' title='bbox 854 1619 885 1676; x_wconf 91' lang='lat' dir='ltr'><strong>in</strong></span> <span class='ocrx_word' id='word_1_111' title='bbox 909 1636 974 1690; x_wconf 91' lang='lat' dir='ltr'><strong>cor,</strong></span> <span class='ocrx_word' id='word_1_112' title='bbox 990 1617 1074 1694; x_wconf 84' lang='lat' dir='ltr'><strong>fugit</strong></span> <span class='ocrx_word' id='word_1_113' title='bbox 1095 1635 1112 1674; x_wconf 91' lang='lat' dir='ltr'><strong>e</strong></span> <span class='ocrx_word' id='word_1_114' title='bbox 1133 1614 1253 1685; x_wconf 83' lang='lat' dir='ltr'><strong>Gallia,</strong></span> 
     </span>
     <span class='ocr_line' id='line_1_16' title="bbox 289 1709 1254 1788; baseline -0.006 -16"><span class='ocrx_word' id='word_1_115' title='bbox 289 1729 381 1788; x_wconf 86' lang='lat' dir='ltr'><strong>seque</strong></span> <span class='ocrx_word' id='word_1_116' title='bbox 400 1712 432 1768; x_wconf 91' lang='lat' dir='ltr'><strong>in</strong></span> <span class='ocrx_word' id='word_1_117' title='bbox 448 1710 617 1787; x_wconf 90' lang='lat' dir='ltr'><strong>pristinum</strong></span> <span class='ocrx_word' id='word_1_118' title='bbox 630 1712 776 1787; x_wconf 88' lang='lat' dir='ltr'><strong>Spirense</strong></span> <span class='ocrx_word' id='word_1_119' title='bbox 788 1711 998 1772; x_wconf 80' lang='lat' dir='ltr'><strong>Seminarium</strong></span> <span class='ocrx_word' id='word_1_120' title='bbox 1021 1709 1178 1786; x_wconf 88' lang='lat' dir='ltr'><strong>recipiens</strong></span> <span class='ocrx_word' id='word_1_121' title='bbox 1192 1709 1254 1770; x_wconf 85' lang='lat' dir='ltr'><strong>iam</strong></span> 
     </span>
     <span class='ocr_line' id='line_1_17' title="bbox 289 1801 1252 1881; baseline -0.006 -17"><span class='ocrx_word' id='word_1_122' title='bbox 289 1804 482 1876; x_wconf 82' lang='lat' dir='ltr'><strong>enixissime,</strong></span> <span class='ocrx_word' id='word_1_123' title='bbox 506 1809 542 1863; x_wconf 90' lang='lat' dir='ltr'><strong>ut</strong></span> <span class='ocrx_word' id='word_1_124' title='bbox 563 1803 687 1878; x_wconf 87' lang='lat' dir='ltr'><strong>scribis,</strong></span> <span class='ocrx_word' id='word_1_125' title='bbox 710 1805 801 1881; x_wconf 58' lang='lat' dir='ltr'><strong>,cupit</strong></span> <span class='ocrx_word' id='word_1_126' title='bbox 821 1804 984 1864; x_wconf 89' lang='lat' dir='ltr'><strong>conciliari</strong></span> <span class='ocrx_word' id='word_1_127' title='bbox 999 1803 1157 1862; x_wconf 77' lang='lat' dir='ltr'><strong>Ecclesiae</strong></span> <span class='ocrx_word' id='word_1_128' title='bbox 1173 1807 1206 1860; x_wconf 90' lang='lat' dir='ltr'><strong>et</strong></span> <span class='ocrx_word' id='word_1_129' title='bbox 1222 1801 1252 1859; x_wconf 92' lang='lat' dir='ltr'><strong>in</strong></span> 
     </span>
     <span class='ocr_line' id='line_1_18' title="bbox 289 1894 1254 1970; baseline -0.005 -13"><span class='ocrx_word' id='word_1_130' title='bbox 289 1898 374 1957; x_wconf 85' lang='lat' dir='ltr'><strong>clero</strong></span> <span class='ocrx_word' id='word_1_131' title='bbox 404 1913 540 1956; x_wconf 86' lang='lat' dir='ltr'><strong>manere.</strong></span> <span class='ocrx_word' id='word_1_132' title='bbox 564 1898 647 1957; x_wconf 87' lang='lat' dir='ltr'><strong>idem</strong></span> <span class='ocrx_word' id='word_1_133' title='bbox 673 1917 765 1970; x_wconf 88' lang='lat' dir='ltr'><strong>nuuc,</strong></span> <span class='ocrx_word' id='word_1_134' title='bbox 789 1903 824 1957; x_wconf 89' lang='lat' dir='ltr'><strong>ut</strong></span> <span class='ocrx_word' id='word_1_135' title='bbox 845 1898 903 1969; x_wconf 87' lang='lat' dir='ltr'><strong>ait,</strong></span> <span class='ocrx_word' id='word_1_136' title='bbox 931 1897 1057 1958; x_wconf 89' lang='lat' dir='ltr'><strong>dubitat</strong></span> <span class='ocrx_word' id='word_1_137' title='bbox 1078 1899 1115 1954; x_wconf 88' lang='lat' dir='ltr'><strong>de</strong></span> <span class='ocrx_word' id='word_1_138' title='bbox 1136 1894 1254 1954; x_wconf 84' lang='lat' dir='ltr'><strong>intrusi</strong></span> 
     </span>
     <span class='ocr_line' id='line_1_19' title="bbox 288 1987 1256 2072; baseline -0.005 -21"><span class='ocrx_word' id='word_1_139' title='bbox 288 1991 424 2051; x_wconf 89' lang='lat' dir='ltr'><strong>Brendel</strong></span> <span class='ocrx_word' id='word_1_140' title='bbox 446 1994 620 2067; x_wconf 84' lang='lat' dir='ltr'><strong>potestate,</strong></span> <span class='ocrx_word' id='word_1_141' title='bbox 643 2011 662 2052; x_wconf 90' lang='lat' dir='ltr'><strong>a</strong></span> <span class='ocrx_word' id='word_1_142' title='bbox 683 2011 743 2068; x_wconf 94' lang='lat' dir='ltr'><strong>quo</strong></span> <span class='ocrx_word' id='word_1_143' title='bbox 762 2011 871 2072; x_wconf 88' lang='lat' dir='ltr'><strong>nempe</strong></span> <span class='ocrx_word' id='word_1_144' title='bbox 893 2009 999 2052; x_wconf 88' lang='lat' dir='ltr'><strong>sacros</strong></span> <span class='ocrx_word' id='word_1_145' title='bbox 1020 1989 1158 2066; x_wconf 86' lang='lat' dir='ltr'><strong>suscepit</strong></span> <span class='ocrx_word' id='word_1_146' title='bbox 1172 1987 1256 2048; x_wconf 87' lang='lat' dir='ltr'><strong>ordi·</strong></span> 
     </span>
     <span class='ocr_line' id='line_1_20' title="bbox 289 2083 1253 2160; baseline -0.004 -17"><span class='ocrx_word' id='word_1_147' title='bbox 289 2103 353 2157; x_wconf 91' lang='lat' dir='ltr'><strong>nes,</strong></span> <span class='ocrx_word' id='word_1_148' title='bbox 370 2101 504 2160; x_wconf 86' lang='lat' dir='ltr'><strong>suaeque</strong></span> <span class='ocrx_word' id='word_1_149' title='bbox 519 2083 724 2144; x_wconf 90' lang='lat' dir='ltr'><strong>dubitationis</strong></span> <span class='ocrx_word' id='word_1_150' title='bbox 738 2103 862 2144; x_wconf 87' lang='lat' dir='ltr'><strong>oausam</strong></span> <span class='ocrx_word' id='word_1_151' title='bbox 887 2084 1005 2160; x_wconf 86' lang='lat' dir='ltr'><strong>repetit</strong></span> <span class='ocrx_word' id='word_1_152' title='bbox 1019 2102 1037 2142; x_wconf 89' lang='lat' dir='ltr'><strong>a</strong></span> <span class='ocrx_word' id='word_1_153' title='bbox 1052 2086 1253 2158; x_wconf 87' lang='lat' dir='ltr'><strong>praesumpto</strong></span> 
     </span>
     <span class='ocr_line' id='line_1_21' title="bbox 286 2160 1253 2250; baseline -0.003 -15"><span class='ocrx_word' id='word_1_154' title='bbox 286 2177 472 2236; x_wconf 89' lang='lat' dir='ltr'><strong>intentionis</strong></span> <span class='ocrx_word' id='word_1_155' title='bbox 504 2174 627 2234; x_wconf 86' lang='lat' dir='ltr'><strong>defectu</strong></span> <span class='ocrx_word' id='word_1_156' title='bbox 657 2177 774 2237; x_wconf 87' lang='lat' dir='ltr'><strong>intrusi</strong></span> <span class='ocrx_word' id='word_1_157' title='bbox 799 2176 989 2236; x_wconf 88' lang='lat' dir='ltr'><strong>Parisiensis</strong></span> <span class='ocrx_word' id='word_1_158' title='bbox 1014 2160 1253 2250; x_wconf 83' lang='lat' dir='ltr'><strong>Arcbiepiscopi</strong></span> 
     </span>
     <span class='ocr_line' id='line_1_22' title="bbox 288 2271 1254 2348; baseline -0.004 -20"><span class='ocrx_word' id='word_1_159' title='bbox 288 2271 398 2342; x_wconf 84' lang='lat' dir='ltr'><strong>Gobel,</strong></span> <span class='ocrx_word' id='word_1_160' title='bbox 411 2274 504 2328; x_wconf 89' lang='lat' dir='ltr'><strong>antea</strong></span> <span class='ocrx_word' id='word_1_161' title='bbox 517 2271 706 2330; x_wconf 86' lang='lat' dir='ltr'><strong>Basileensis</strong></span> <span class='ocrx_word' id='word_1_162' title='bbox 722 2271 930 2348; x_wconf 83' lang='lat' dir='ltr'><strong>Suffraganei,</strong></span> <span class='ocrx_word' id='word_1_163' title='bbox 953 2289 971 2330; x_wconf 88' lang='lat' dir='ltr'><strong>a</strong></span> <span class='ocrx_word' id='word_1_164' title='bbox 993 2288 1052 2346; x_wconf 88' lang='lat' dir='ltr'><strong>quo</strong></span> <span class='ocrx_word' id='word_1_165' title='bbox 1074 2271 1140 2345; x_wconf 88' lang='lat' dir='ltr'><strong>ipse</strong></span> <span class='ocrx_word' id='word_1_166' title='bbox 1157 2271 1254 2328; x_wconf 89' lang='lat' dir='ltr'><strong>Bran·</strong></span> 
     </span>
     <span class='ocr_line' id='line_1_23' title="bbox 289 2353 1254 2440; baseline -0.001 -20"><span class='ocrx_word' id='word_1_167' title='bbox 289 2362 341 2420; x_wconf 91' lang='lat' dir='ltr'><strong>del</strong></span> <span class='ocrx_word' id='word_1_168' title='bbox 356 2367 555 2421; x_wconf 87' lang='lat' dir='ltr'><strong>consecratus</strong></span> <span class='ocrx_word' id='word_1_169' title='bbox 570 2361 602 2420; x_wconf 93' lang='lat' dir='ltr'><strong>in</strong></span> <span class='ocrx_word' id='word_1_170' title='bbox 618 2353 804 2440; x_wconf 86' lang='lat' dir='ltr'><strong>Episcopum</strong></span> <span class='ocrx_word' id='word_1_171' title='bbox 828 2367 910 2436; x_wconf 87' lang='lat' dir='ltr'><strong>erat,</strong></span> <span class='ocrx_word' id='word_1_172' title='bbox 926 2383 994 2422; x_wconf 89' lang='lat' dir='ltr'><strong>cum</strong></span> <span class='ocrx_word' id='word_1_173' title='bbox 1010 2365 1071 2423; x_wconf 88' lang='lat' dir='ltr'><strong>iam</strong></span> <span class='ocrx_word' id='word_1_174' title='bbox 1088 2362 1254 2438; x_wconf 85' lang='lat' dir='ltr'><strong>vulgatum</strong></span> 
     </span>
     <span class='ocr_line' id='line_1_24' title="bbox 289 2456 1255 2534; baseline -0.001 -19"><span class='ocrx_word' id='word_1_175' title='bbox 289 2459 458 2532; x_wconf 90' lang='lat' dir='ltr'><strong>notumque</strong></span> <span class='ocrx_word' id='word_1_176' title='bbox 482 2456 536 2528; x_wconf 90' lang='lat' dir='ltr'><strong>sit,</strong></span> <span class='ocrx_word' id='word_1_177' title='bbox 557 2472 628 2514; x_wconf 89' lang='lat' dir='ltr'><strong>eum</strong></span> <span class='ocrx_word' id='word_1_178' title='bbox 652 2457 751 2534; x_wconf 88' lang='lat' dir='ltr'><strong>ipsum</strong></span> <span class='ocrx_word' id='word_1_179' title='bbox 771 2459 868 2518; x_wconf 79' lang='lat' dir='ltr'><strong>Gobel</strong></span> <span class='ocrx_word' id='word_1_180' title='bbox 891 2457 1048 2517; x_wconf 85' lang='lat' dir='ltr'><strong>abiurasse</strong></span> <span class='ocrx_word' id='word_1_181' title='bbox 1067 2457 1204 2516; x_wconf 88' lang='lat' dir='ltr'><strong>Parisiis</strong></span> <span class='ocrx_word' id='word_1_182' title='bbox 1224 2459 1255 2514; x_wconf 88' lang='lat' dir='ltr'><strong>et</strong></span> 
     </span>
     <span class='ocr_line' id='line_1_25' title="bbox 289 2550 1254 2628; baseline -0.002 -18"><span class='ocrx_word' id='word_1_183' title='bbox 289 2551 502 2627; x_wconf 90' lang='lat' dir='ltr'><strong>episcopatum</strong></span> <span class='ocrx_word' id='word_1_184' title='bbox 534 2568 622 2608; x_wconf 88' lang='lat' dir='ltr'><strong>suum</strong></span> <span class='ocrx_word' id='word_1_185' title='bbox 645 2556 678 2609; x_wconf 87' lang='lat' dir='ltr'><strong>et</strong></span> <span class='ocrx_word' id='word_1_186' title='bbox 699 2551 884 2611; x_wconf 83' lang='lat' dir='ltr'><strong>catholicam</strong></span> <span class='ocrx_word' id='word_1_187' title='bbox 915 2551 1111 2628; x_wconf 84' lang='lat' dir='ltr'><strong>religionem.</strong></span> <span class='ocrx_word' id='word_1_188' title='bbox 1134 2550 1254 2610; x_wconf 87' lang='lat' dir='ltr'><strong>Idcirco</strong></span> 
     </span>
     <span class='ocr_line' id='line_1_26' title="bbox 288 2633 1255 2721; baseline -0.003 -15"><span class='ocrx_word' id='word_1_189' title='bbox 288 2645 443 2706; x_wconf 88' lang='lat' dir='ltr'><strong>Lindcrus</strong></span> <span class='ocrx_word' id='word_1_190' title='bbox 469 2643 575 2716; x_wconf 87' lang='lat' dir='ltr'><strong>timet,</strong></span> <span class='ocrx_word' id='word_1_191' title='bbox 602 2660 637 2702; x_wconf 92' lang='lat' dir='ltr'><strong>ne</strong></span> <span class='ocrx_word' id='word_1_192' title='bbox 660 2642 692 2700; x_wconf 93' lang='lat' dir='ltr'><strong>in</strong></span> <span class='ocrx_word' id='word_1_193' title='bbox 715 2633 893 2721; x_wconf 82' lang='lat' dir='ltr'><strong>peragenda</strong></span> <span class='ocrx_word' id='word_1_194' title='bbox 919 2643 1068 2704; x_wconf 86' lang='lat' dir='ltr'><strong>Brcudcli</strong></span> <span class='ocrx_word' id='word_1_195' title='bbox 1095 2661 1255 2703; x_wconf 83' lang='lat' dir='ltr'><strong>cousecra-</strong></span> 
     </span>
     <span class='ocr_line' id='line_1_27' title="bbox 288 2737 1254 2814; baseline -0.003 -15"><span class='ocrx_word' id='word_1_196' title='bbox 288 2740 376 2800; x_wconf 87' lang='lat' dir='ltr'><strong>tione</strong></span> <span class='ocrx_word' id='word_1_197' title='bbox 403 2743 467 2798; x_wconf 88' lang='lat' dir='ltr'><strong>tarn</strong></span> <span class='ocrx_word' id='word_1_198' title='bbox 491 2737 629 2798; x_wconf 81' lang='lat' dir='ltr'><strong>nefarius</strong></span> <span class='ocrx_word' id='word_1_199' title='bbox 652 2755 686 2797; x_wconf 92' lang='lat' dir='ltr'><strong>ac</strong></span> <span class='ocrx_word' id='word_1_200' title='bbox 710 2737 825 2814; x_wconf 91' lang='lat' dir='ltr'><strong>impius</strong></span> <span class='ocrx_word' id='word_1_201' title='bbox 847 2737 993 2797; x_wconf 86' lang='lat' dir='ltr'><strong>Gobelius</strong></span> <span class='ocrx_word' id='word_1_202' title='bbox 1016 2737 1193 2796; x_wconf 88' lang='lat' dir='ltr'><strong>necessaria</strong></span> <span class='ocrx_word' id='word_1_203' title='bbox 1218 2739 1254 2796; x_wconf 87' lang='lat' dir='ltr'><strong>ad</strong></span> 
     </span>
     <span class='ocr_line' id='line_1_28' title="bbox 288 2830 1255 2894; baseline -0.006 0"><span class='ocrx_word' id='word_1_204' title='bbox 288 2834 489 2894; x_wconf 87' lang='lat' dir='ltr'><strong>validitatem</strong></span> <span class='ocrx_word' id='word_1_205' title='bbox 511 2838 600 2893; x_wconf 88' lang='lat' dir='ltr'><strong>actus</strong></span> <span class='ocrx_word' id='word_1_206' title='bbox 620 2831 797 2890; x_wconf 85' lang='lat' dir='ltr'><strong>intentione</strong></span> <span class='ocrx_word' id='word_1_207' title='bbox 817 2831 968 2891; x_wconf 81' lang='lat' dir='ltr'><strong>caruerit.</strong></span> <span class='ocrx_word' id='word_1_208' title='bbox 988 2832 1034 2891; x_wconf 80' lang='lat' dir='ltr'><strong>Ad</strong></span> <span class='ocrx_word' id='word_1_209' title='bbox 1055 2830 1145 2890; x_wconf 92' lang='lat' dir='ltr'><strong>illius</strong></span> <span class='ocrx_word' id='word_1_210' title='bbox 1160 2832 1255 2890; x_wconf 90' lang='lat' dir='ltr'><strong>timo-</strong></span> 
     </span>
     <span class='ocr_line' id='line_1_29' title="bbox 287 2925 1254 3000; baseline -0.003 -13"><span class='ocrx_word' id='word_1_211' title='bbox 287 2946 353 2988; x_wconf 90' lang='lat' dir='ltr'><strong>rem</strong></span> <span class='ocrx_word' id='word_1_212' title='bbox 380 2932 436 2987; x_wconf 89' lang='lat' dir='ltr'><strong>tua</strong></span> <span class='ocrx_word' id='word_1_213' title='bbox 461 2927 557 2986; x_wconf 89' lang='lat' dir='ltr'><strong>etiam</strong></span> <span class='ocrx_word' id='word_1_214' title='bbox 584 2926 705 2986; x_wconf 87' lang='lat' dir='ltr'><strong>aceedit</strong></span> <span class='ocrx_word' id='word_1_215' title='bbox 729 2925 900 2997; x_wconf 90' lang='lat' dir='ltr'><strong>dubitatio,</strong></span> <span class='ocrx_word' id='word_1_216' title='bbox 920 2926 999 2983; x_wconf 89' lang='lat' dir='ltr'><strong>Ven.</strong></span> <span class='ocrx_word' id='word_1_217' title='bbox 1017 2925 1146 2993; x_wconf 82' lang='lat' dir='ltr'><strong>Frater,</strong></span> <span class='ocrx_word' id='word_1_218' title='bbox 1163 2943 1254 3000; x_wconf 89' lang='lat' dir='ltr'><strong>quam</strong></span> 
     </span>
     <span class='ocr_line' id='line_1_30' title="bbox 288 3018 1256 3098; baseline -0.002 -18"><span class='ocrx_word' id='word_1_219' title='bbox 288 3022 374 3080; x_wconf 92' lang='lat' dir='ltr'><strong>hisce</strong></span> <span class='ocrx_word' id='word_1_220' title='bbox 392 3021 522 3098; x_wconf 82' lang='lat' dir='ltr'><strong>exponis</strong></span> <span class='ocrx_word' id='word_1_221' title='bbox 545 3020 662 3078; x_wconf 89' lang='lat' dir='ltr'><strong>verbis:</strong></span> <span class='ocrx_word' id='word_1_222' title='bbox 679 3039 697 3081; x_wconf 79' lang='grc' dir='ltr'><strong>ιι</strong></span> <span class='ocrx_word' id='word_1_223' title='bbox 713 3021 821 3094; x_wconf 87' lang='lat' dir='ltr'><strong>Itaque</strong></span> <span class='ocrx_word' id='word_1_224' title='bbox 844 3038 903 3078; x_wconf 93' lang='lat' dir='ltr'><strong>non</strong></span> <span class='ocrx_word' id='word_1_225' title='bbox 928 3019 1037 3077; x_wconf 89' lang='lat' dir='ltr'><strong>videor</strong></span> <span class='ocrx_word' id='word_1_226' title='bbox 1058 3018 1137 3076; x_wconf 91' lang='lat' dir='ltr'><strong>mibi</strong></span> <span class='ocrx_word' id='word_1_227' title='bbox 1152 3020 1185 3077; x_wconf 92' lang='lat' dir='ltr'><strong>in</strong></span> <span class='ocrx_word' id='word_1_228' title='bbox 1200 3038 1256 3078; x_wconf 89' lang='lat' dir='ltr'><strong>va-</strong></span> 
     </span>
     <span class='ocr_line' id='line_1_31' title="bbox 288 3101 1255 3212; baseline -0.004 -39"><span class='ocrx_word' id='word_1_229' title='bbox 288 3116 362 3173; x_wconf 85' lang='lat' dir='ltr'><strong>num</strong></span> <span class='ocrx_word' id='word_1_230' title='bbox 384 3115 547 3186; x_wconf 83' lang='lat' dir='ltr'><strong>dubitare,</strong></span> <span class='ocrx_word' id='word_1_231' title='bbox 572 3131 645 3174; x_wconf 90' lang='lat' dir='ltr'><strong>num</strong></span> <span class='ocrx_word' id='word_1_232' title='bbox 667 3113 695 3172; x_wconf 90' lang='lat' dir='ltr'><strong>is</strong></span> <span class='ocrx_word' id='word_1_233' title='bbox 717 3115 760 3190; x_wconf 87' lang='lat' dir='ltr'><strong>(id</strong></span> <span class='ocrx_word' id='word_1_234' title='bbox 783 3101 832 3172; x_wconf 87' lang='lat' dir='ltr'><strong>est</strong></span> <span class='ocrx_word' id='word_1_235' title='bbox 850 3107 1014 3212; x_wconf 83' lang='lat' dir='ltr'><strong>Gobelius)</strong></span> <span class='ocrx_word' id='word_1_236' title='bbox 1036 3114 1160 3190; x_wconf 90' lang='lat' dir='ltr'><strong>quando</strong></span> <span class='ocrx_word' id='word_1_237' title='bbox 1181 3112 1255 3188; x_wconf 93' lang='lat' dir='ltr'><strong>Epi·</strong></span> 
     </span>
     <span class='ocr_line' id='line_1_32' title="bbox 288 3205 1255 3284; baseline -0.005 -17"><span class='ocrx_word' id='word_1_238' title='bbox 288 3225 395 3284; x_wconf 89' lang='lat' dir='ltr'><strong>scopos</strong></span> <span class='ocrx_word' id='word_1_239' title='bbox 418 3208 600 3280; x_wconf 87' lang='lat' dir='ltr'><strong>ordinaret,</strong></span> <span class='ocrx_word' id='word_1_240' title='bbox 626 3226 663 3267; x_wconf 87' lang='lat' dir='ltr'><strong>ea</strong></span> <span class='ocrx_word' id='word_1_241' title='bbox 685 3207 927 3278; x_wconf 86' lang='lat' dir='ltr'><strong>observaverit,</strong></span> <span class='ocrx_word' id='word_1_242' title='bbox 955 3225 1032 3282; x_wconf 88' lang='lat' dir='ltr'><strong>quae</strong></span> <span class='ocrx_word' id='word_1_243' title='bbox 1052 3205 1255 3266; x_wconf 84' lang='lat' dir='ltr'><strong>observanda</strong></span> 
     </span>
     <span class='ocr_line' id='line_1_33' title="bbox 289 3298 1298 3408; baseline -0.003 -49"><span class='ocrx_word' id='word_1_244' title='bbox 289 3301 465 3360; x_wconf 88' lang='lat' dir='ltr'><strong>necessario</strong></span> <span class='ocrx_word' id='word_1_245' title='bbox 481 3301 624 3377; x_wconf 88' lang='lat' dir='ltr'><strong>veniunt,</strong></span> <span class='ocrx_word' id='word_1_246' title='bbox 638 3304 671 3360; x_wconf 90' lang='lat' dir='ltr'><strong>et</strong></span> <span class='ocrx_word' id='word_1_247' title='bbox 688 3320 727 3361; x_wconf 88' lang='lat' dir='ltr'><strong>an</strong></span> <span class='ocrx_word' id='word_1_248' title='bbox 743 3300 850 3360; x_wconf 89' lang='lat' dir='ltr'><strong>valide</strong></span> <span class='ocrx_word' id='word_1_249' title='bbox 865 3301 1003 3360; x_wconf 88' lang='lat' dir='ltr'><strong>ordinati</strong></span> <span class='ocrx_word' id='word_1_250' title='bbox 1018 3299 1083 3358; x_wconf 89' lang='lat' dir='ltr'><strong>sint</strong></span> <span class='ocrx_word' id='word_1_251' title='bbox 1105 3298 1253 3376; x_wconf 83' lang='lat' dir='ltr'><strong>Episcopi</strong></span> <span class='ocrx_word' id='word_1_252' title='bbox 1297 3343 1298 3408; x_wconf 69' lang='lat' dir='ltr'><strong>i</strong></span> 
     </span>
     <span class='ocr_line' id='line_1_34' title="bbox 288 3393 623 3454; baseline 0.003 -1"><span class='ocrx_word' id='word_1_253' title='bbox 288 3393 326 3454; x_wconf 86' lang='lat' dir='ltr'><strong>ab</strong></span> <span class='ocrx_word' id='word_1_254' title='bbox 348 3413 384 3452; x_wconf 92' lang='lat' dir='ltr'><strong>eo</strong></span> <span class='ocrx_word' id='word_1_255' title='bbox 405 3394 623 3454; x_wconf 83' lang='lat' dir='ltr'><strong>consecrati.»</strong></span> 
     </span>
    </p>

    <p class='ocr_par' dir='ltr' id='par_1_6' title="bbox 288 3485 1255 3657">
     <span class='ocr_line' id='line_1_35' title="bbox 348 3485 1252 3564; baseline -0.003 -17"><span class='ocrx_word' id='word_1_256' title='bbox 348 3487 443 3547; x_wconf 89' lang='lat' dir='ltr'><strong>Duo</strong></span> <span class='ocrx_word' id='word_1_257' title='bbox 435 3505 496 3546; x_wconf 85' lang='lat' dir='ltr'><strong>ram</strong></span> <span class='ocrx_word' id='word_1_258' title='bbox 523 3492 597 3548; x_wconf 85' lang='lat' dir='ltr'><strong>sunt</strong></span> <span class='ocrx_word' id='word_1_259' title='bbox 623 3505 701 3564; x_wconf 85' lang='lat' dir='ltr'><strong>quaa</strong></span> <span class='ocrx_word' id='word_1_260' title='bbox 722 3487 821 3551; x_wconf 88' lang='lat' dir='ltr'><strong>Nobis</strong></span> <span class='ocrx_word' id='word_1_261' title='bbox 843 3487 1068 3551; x_wconf 87' lang='lat' dir='ltr'><strong>consideranda</strong></span> <span class='ocrx_word' id='word_1_262' title='bbox 1096 3485 1252 3564; x_wconf 86' lang='lat' dir='ltr'><strong>proponis.</strong></span> 
     </span>
     <span class='ocr_line' id='line_1_36' title="bbox 288 3577 1255 3657; baseline -0.003 -18"><span class='ocrx_word' id='word_1_263' title='bbox 288 3579 431 3640; x_wconf 81' lang='lat' dir='ltr'><strong>Primum</strong></span> <span class='ocrx_word' id='word_1_264' title='bbox 457 3581 644 3657; x_wconf 79' lang='lat' dir='ltr'><strong>gravissima</strong></span> <span class='ocrx_word' id='word_1_265' title='bbox 668 3580 800 3648; x_wconf 84' lang='lat' dir='ltr'><strong>Linderi</strong></span> <span class='ocrx_word' id='word_1_266' title='bbox 823 3580 951 3652; x_wconf 83' lang='lat' dir='ltr'><strong>delicta,</strong></span> <span class='ocrx_word' id='word_1_267' title='bbox 974 3579 1055 3656; x_wconf 86' lang='lat' dir='ltr'><strong>quod</strong></span> <span class='ocrx_word' id='word_1_268' title='bbox 1076 3597 1188 3656; x_wconf 83' lang='lat' dir='ltr'><strong>nempe</strong></span> <span class='ocrx_word' id='word_1_269' title='bbox 1217 3577 1255 3646; x_wconf 85' lang='lat' dir='ltr'><strong>ad</strong></span> 
     </span>
    </p>
   </div>
   <div class='ocr_carea' id='block_1_3' title="bbox 0 0 1308 4268">
    <p class='ocr_par' dir='ltr' id='par_1_7' title="bbox 0 0 1308 4268">
     <span class='ocr_line' id='line_1_37' title="bbox 0 0 1308 4268; baseline 0 0"><span class='ocrx_word' id='word_1_270' title='bbox 0 0 1308 4268; x_wconf 95' lang='lat' dir='ltr'><strong> </strong></span> 
     </span>
    </p>
   </div>
  </div>
 </body>
</html>
