2582 4270
279 377 433 456 largitore
446 380 519 451 Deo,
541 379 674 437 secundo
689 377 776 437 vitae
790 377 857 436 sina
871 377 938 437 ulla
953 377 1124 436 offensione
1138 395 1241 449 cursu,

281 471 340 532 tibi
362 470 467 532 fausta
487 475 520 530 et
541 470 646 531 felicia
667 475 781 530 cuncta
804 473 1004 548 peramanter
1025 473 1240 548 adpreoamur.

338 568 453 626 Datum
476 567 614 637 Romae,
641 565 690 624 die
722 567 780 624 Vll
802 564 995 642 Septembris
1022 565 1239 636 MDGOXOIII,
1285 567 1286 658 l

280 658 487 719 Pontificatus
507 658 617 720 Nostri
640 675 720 718 anno
741 659 828 718 XIX.
1285 659 1286 670 ³

714 830 810 886 ΧΠ.

665 949 770 992 nomm
791 949 865 992 vnio

544 1109 546 1116 s
582 1095 780 1156 nuncupo
802 1095 943 1155 aucun

494 1255 665 1336 PIUS
719 1254 913 1332 ΡΑΡΑ
968 1253 1034 1330 Vl.
1113 1276 1115 1280 ¹

552 1449 691 1508 Nobilis
712 1449 788 1518 Vir,
811 1449 974 1507 Salutem.

341 1604 490 1664 Nostram
502 1600 642 1677 profecto
656 1599 1148 1676 commendationem,Nostrique
1161 1598 1243 1676 grati
1284 1594 1285 1623 l

281 1695 378 1756 animi
401 1693 615 1754 testimonium
630 1694 700 1752 iure
721 1695 851 1771 quodam
874 1712 929 1752 suo
943 1681 1104 1753 vindicare
1120 1692 1182 1752 sibi
1198 1690 1244 1748 vi-

282 1791 397 1850 dentur
419 1787 462 1861 ii,
484 1788 536 1864 qui
566 1788 741 1864 apostasiae
763 1794 796 1848 et
816 1789 991 1865 impietatis
1012 1790 1155 1864 tempore
1176 1803 1244 1845 suas

281 1882 400 1960 ingenii
423 1882 506 1941 vires
529 1901 564 1940 eo
579 1883 796 1955 intenderunt,
818 1886 854 1942 ut
868 1884 978 1942 bonam
993 1899 1117 1942 causam
1140 1881 1243 1940 dafen-

281 1977 412 2042 dandam
435 1976 640 2052 susciperent,
665 1979 760 2053 utque
782 1975 953 2053 plurimum
975 1976 1199 2037 adlaborarent
1213 1973 1242 2030 in

281 2069 426 2130 iuvandis
455 2069 657 2146 ferendisque
686 2088 747 2128 non
770 2069 809 2128 iis
831 2071 920 2128 modo
942 2067 1078 2146 egregiis
1101 2067 1244 2127 ecclesia·

281 2163 369 2224 sticis
391 2161 483 2234 viris,
509 2162 562 2238 qui
584 2166 688 2230 sunto
704 2163 802 2240 regno
823 2162 998 2224 Galliarum
1020 2165 1177 2234 extorres,
1193 2159 1242 2219 sed

281 2255 421 2315 omnibus
443 2255 541 2314 etiarn
571 2255 757 2328 catholicis,
782 2255 835 2332 qui
858 2255 890 2314 in
911 2255 1143 2316 florentissimis
1175 2252 1243 2312 istis

280 2350 413 2424 Magnae
434 2346 618 2408 Britanniae
641 2349 748 2426 regnis
770 2353 1011 2410 commorantur.
1026 2351 1089 2408 Hos
1109 2348 1196 2409 inter
1210 2351 1243 2408 tu

281 2439 437 2518 imprimis
465 2440 627 2514 enituisti,
654 2441 707 2519 qui
736 2442 859 2502 celebre
888 2443 1081 2503 elucubrasti
1110 2460 1185 2520 opus
1208 2443 1242 2502 ad

280 2533 451 2621 evertenda
472 2537 505 2594 et
525 2535 721 2614 profliganda
737 2553 890 2596 novorum
905 2536 1028 2596 Galliae
1043 2535 1242 2613 philosopho·

280 2643 352 2686 rum
372 2631 561 2699 commenta,
583 2629 696 2706 quique
719 2632 789 2690 tuos
811 2625 959 2689 hortatus
980 2647 1061 2689 esses
1084 2628 1170 2688 cives
1192 2645 1243 2686 ne·

281 2719 354 2778 dum
367 2722 403 2779 ut
413 2738 501 2798 opem
516 2719 648 2794 terrent,
668 2741 705 2783 ea
719 2741 781 2800 qua
794 2725 958 2800 praestant
971 2721 1168 2782 humanitate
1180 2739 1243 2780 me·

280 2813 413 2873 moratis
445 2815 622 2875 Galliarum
650 2815 868 2876 ecclesiasticis
890 2813 992 2887 viris,
1015 2813 1186 2875 sedetiam
1211 2815 1244 2872 ut

279 2907 451 2983 plurimum
479 2908 625 2968 faverent
652 2910 816 2970 catholicis
844 2909 876 2968 in
907 2911 1038 2988 Magnae
1060 2909 1243 2970 Britanniae

280 3001 390 3076 Regno
413 3000 507 3072 natis,
531 3002 584 3078 qui
605 3001 772 3063 fidelitatis
794 3003 886 3062 laude
907 3003 1060 3080 pollentes
1082 3021 1112 3063 se
1135 3003 1242 3080 dignos
1283 3031 1284 3036 1

281 3093 496 3166 reddiderunt,
520 3095 551 3154 in
572 3113 649 3173 quos
671 3097 759 3156 natio
775 3096 924 3158 universa
945 3116 1035 3158 suum
1059 3115 1198 3158 amorem
1214 3099 1245 3158 et

280 3187 531 3248 benevolentiam
564 3191 752 3276 coniiceret,
776 3193 862 3251 etin
885 3192 996 3269 quibus
1024 3191 1141 3270 publici
1163 3193 1246 3270 regi·

281 3279 374 3339 minis
396 3283 613 3360 tranquillitas
644 3289 678 3345 et
708 3273 861 3346 securitas
890 3287 1134 3363 conquiesceret.
1158 3276 1244 3353 Quod

281 3373 404 3448 quidem
416 3393 472 3451 per
488 3381 532 3450 te,
552 3383 585 3438 et
605 3395 694 3454 saepe
707 3377 786 3439 alias
803 3379 920 3438 factum
936 3385 995 3451 est,
1012 3383 1046 3438 et
1060 3398 1139 3440 anno
1155 3398 1246 3456 prae-

282 3465 392 3525 sertim
416 3469 505 3543 1780,
528 3474 561 3530 et
582 3471 652 3530 aliis
677 3490 796 3548 quoque
818 3473 1023 3550 temporibus,
1043 3491 1122 3549 quae
1137 3479 1245 3550 postea

281 3563 355 3619 sunt
376 3566 550 3622 consecuta.
567 3564 647 3624 Hinc
669 3565 754 3624 laeto
776 3565 932 3642 hilarique
954 3567 1090 3626 velimus
1110 3568 1245 3646 accipias
