2606 4268
90 399 218 462 litteris
238 403 476 482 presbyteratus
497 422 573 482 quas
594 405 632 464 ab
652 405 719 482 ipso
739 405 887 484 petebant
900 405 931 463 in
947 404 1053 471 odium

94 497 267 556 sacerdotii
281 497 457 578 christiani,
473 497 606 559 tradidit
620 499 685 559 illis
707 501 848 559 chartam
863 496 963 557 latino
978 497 1054 557 idio-

89 593 180 648 ·mate
202 593 351 666 quaedam
373 593 491 670 scripta
512 593 734 666 continentem,
747 610 838 669 quam
855 609 912 668 pro
928 591 1056 650 sua'im·

94 683 225 760 peritia,
240 687 479 764 presbyteratus
498 687 625 748 litteras
639 705 706 747 esse
728 685 940 746 crediderunt.
955 685 1056 751 Quae·

93 776 182 836 ritur
204 782 309 838 utrum
335 798 392 857 per
414 782 605 858 praedictam
630 779 900 850 renunciationem
921 777 1055 837 functio·

94 869 188 928 nibus
213 872 277 932 suis
305 875 554 950 parochialibus,
583 879 615 934 et
642 890 697 951 per
719 873 824 933 fictam
849 872 1053 933 traditionem

93 963 280 1025 litterarum
311 969 572 1046 presbyteratus,
594 968 740 1044 aliquam
763 985 925 1028 censuram
950 965 1053 1026 veluti

94 1061 242 1133 apostata
262 1059 436 1133 incurrerit
457 1062 618 1138 praefatus
639 1062 809 1121 Paroohus.

158 1153 204 1211 Ad
227 1154 360 1213 tertium
385 1155 510 1214 dubium
539 1157 748 1230 Responsum.
764 1155 868 1214 *lllum
892 1153 1055 1228 incurrere,

93 1242 128 1302 in
142 1263 287 1306 censuras
301 1247 437 1307 inflictas
449 1267 468 1308 a
478 1249 575 1307 sacris
587 1247 762 1309 Oanonibus
774 1251 885 1307 contra
895 1247 1055 1323 apostatas

93 1339 135 1397 ab
158 1340 273 1398 Ordine
295 1343 328 1400 et
346 1341 557 1418 a'Religione
579 1341 753 1401 Catholica.
989 1337 993 1344 ’

150 1433 198 1492 Ex
209 1433 516 1509 aedibusVatioanis,
526 1435 575 1496 die
586 1436 693 1494 XXIX
701 1433 810 1495 Martii
820 1430 1054 1493 MDGGXGVII.

496 1647 659 1706 nvn.
673 1649 674 1654 ’

392 1773 522 1816 nrnnoro
543 1775 625 1816 rmro
646 1775 765 1818 uosrao

126 1927 326 1990 DOMlNlOO
348 1931 380 1990 S.
396 1934 435 1992 R.
452 1934 488 1992 Ε.
504 1933 779 1993 PRESBYTERO
800 1931 1023 1992 OARDINALI

416 2024 731 2086 RUPEFUGALDIO

298 2190 546 2268 Arcbiepiscopo
566 2193 818 2270 Rotbomcqeasi

311 2351 481 2432 PIUS
531 2351 723 2430 PAPA
772 2353 839 2431 VI.

153 2545 290 2605 Dileote
303 2547 374 2606 Fili
387 2548 534 2618 Noster,
549 2548 701 2606 Salutem
716 2553 751 2606 et
764 2549 1001 2619 apostolicam

425 2643 720 2701 Benedictionem.

153 2817 302 2890 Utinam,
324 2815 438 2877 dilecte
459 2817 523 2876 Fili
543 2819 678 2889 Noster,
700 2835 792 2894 quam
817 2833 873 2894 pro
901 2793 1057 2893 singulari

94 2915 150 2972 tuo
172 2910 204 2969 in
226 2913 290 2973 Nos
317 2911 421 2970 studio
450 2911 624 2987 gratularis
646 2911 742 2972 Nobis
770 2913 928 2987 receptam
952 2913 1053 2971 abeo

93 3005 329 3076 valetudinem,
352 3005 478 3063 eandem
502 3021 623 3062 ornnem
644 3003 821 3080 impendere
846 3003 1000 3080 possimus
1020 3004 1053 3062 in

94 3097 286 3160 vindicanda
306 3117 324 3158 a
344 3096 489 3157 maximis
503 3098 595 3156 huius
610 3097 760 3174 temporis
775 3097 932 3156 aerumnis
947 3097 1055 3157 Eccle-

95 3193 153 3252 sia.
177 3192 263 3258 Quod
292 3195 379 3251 certe
407 3190 552 3266 consequi
580 3208 639 3248 non
662 3199 726 3250 tam
749 3207 909 3267 speramus
929 3190 968 3250 ab
989 3191 1056 3250 ulla

94 3304 189 3362 opera
210 3286 347 3357 Nostra,
369 3301 438 3343 cum
460 3281 608 3359 quidquid
632 3281 798 3342 fecerimus
819 3281 903 3342 servi
924 3281 1054 3342 inutiles

95 3379 204 3452 simus,
225 3395 317 3455 quam
338 3377 394 3437 Dei
415 3377 531 3436 excelsi
552 3377 695 3450 dextera,
718 3375 770 3452 qui
793 3377 918 3436 tandem
939 3378 973 3434 et
991 3376 1055 3436 No-

96 3473 172 3534 stris
194 3475 228 3532 et
248 3471 312 3530 tuis
331 3471 440 3547 tuique
461 3469 611 3530 similium
634 3469 716 3531 votis
730 3468 929 3547 lacrimisque
944 3470 982 3530 ad
997 3468 1057 3527 mi·

97 3565 299 3628 sericordiam
321 3565 478 3624 flectatur.
