2606 4268
456 285 636 345 -135-

60 397 179 454 nantur
206 394 311 453 studio
341 411 490 454 revocare
518 413 554 455 ac
582 395 746 453 retrahere
773 395 811 454 ad
840 391 1027 470 perditionis

59 487 164 559 viam,
183 491 283 564 prout
304 493 390 547 certe
411 492 444 546 et
461 489 611 547 hactenus
632 487 846 559 contendisse,
863 491 895 546 et
915 488 1030 546 etiam-

61 597 134 641 num
157 582 299 641 intrusos
321 581 443 646 Galliae
464 581 625 659 episcopos
646 583 832 641 contendere
851 599 917 639 non
937 581 1024 658 iguo

58 691 177 734 ramus.
195 675 280 742 Quod
303 679 467 752 superest,
483 675 542 734 etsi
566 675 656 734 valde
675 675 924 735 commendemus
946 674 1028 734 desi-

57 772 181 829 derium
207 776 296 829 tuum
318 773 355 828 ad
377 771 441 830 Nos
470 773 599 830 Romam
623 770 788 842 veniendi,
817 787 853 829 ac
880 771 917 828 ad
948 770 1024 828 haec

57 869 238 924 sanctorum
261 865 478 940 Apostolorum
503 863 635 936 iimina,
659 869 762 922 tamen
786 867 818 922 te
841 863 964 922 omuino
986 864 1024 924 ab

58 959 115 1016 hoc
137 957 273 1016 iucundo
295 957 409 1017 itinere
425 959 642 1029 dehortamur,
657 961 692 1016 et
712 961 786 1016 tuae
808 962 873 1016 tam
894 957 1023 1017 affectae

57 1051 252 1112 valetudinis
273 1067 379 1123 eausa,
396 1059 429 1110 et
450 1051 535 1110 vitae
558 1050 785 1121 discriminum,
801 1069 878 1126 quse
900 1051 1024 1110 evitare

56 1146 116 1203 hoc
144 1144 327 1203 difficillimo
348 1163 383 1204 ac
405 1143 690 1220 periculosissimo,
719 1148 755 1203 ut
782 1144 899 1219 optime
928 1144 1022 1214 nosti,

55 1244 198 1314 tempore
223 1256 280 1296 non
304 1237 436 1314 poteris.
460 1240 555 1297 Deum
579 1237 729 1315 optimum
745 1215 928 1298 ‘maximum
954 1255 1024 1314 pre-

54 1347 188 1402 camur,
214 1335 252 1390 ut
276 1349 332 1390 sua
357 1335 389 1390 te
415 1329 521 1406 gratia
548 1334 642 1407 prout
667 1331 728 1389 iam
754 1330 878 1407 coepit,
900 1331 931 1388 in
955 1332 1024 1389 Iesu

53 1421 184 1482 Christo
207 1440 263 1499 per
281 1423 435 1500 Spiritum
456 1427 598 1483 sanctum
617 1421 837 1500 prosequatur,
860 1423 968 1482 foveat
990 1427 1023 1480 et

54 1515 226 1574 custodiat.
237 1516 368 1592 Tibique
379 1516 579 1594 apostolicam
592 1517 852 1586 benedictionem,
865 1533 1024 1592 perquam

54 1607 143 1667 illius
172 1609 205 1666 in
235 1611 267 1668 te
296 1609 529 1668 misericordiae
558 1609 681 1685 fructus
710 1628 832 1687 semper
864 1609 1023 1668 uberiores

54 1702 226 1774 exsistant,
249 1717 288 1761 ex
310 1703 414 1761 auimo
434 1721 470 1762 ec
493 1708 693 1779 peramanter
714 1703 924 1779 impertimur.
1019 1747 1021 1754 ,

113 1798 231 1855 Datum
254 1798 371 1856 Romae
392 1799 471 1872 apud
495 1799 527 1855 S.
545 1799 676 1856 Petrum
698 1797 754 1855 sub
774 1797 892 1857 annulo
914 1796 1022 1856 Pisce·-

53 1888 159 1960 torie,
191 1889 277 1949 dieI
307 1889 388 1948 Iunii
415 1891 642 1962 MDGOXOVI,
672 1890 882 1950 Pontificatus
902 1888 1021 1970 [Nostri

52 1975 139 2041 suno'
157 1982 262 2042 XXII.

626 2129 822 2190 Benedictus
843 2128 937 2206 Sisy.

502 2293 582 2349 xla.

371 2438 565 2481 vnuneseun
587 2439 708 2483 suarm

406 2596 432 2653 Δ
449 2597 475 2656 U
490 2598 516 2655 G
532 2598 559 2658 U
573 2596 594 2656 S
610 2598 675 2656 ΤΟ

375 2768 533 2847 Episcopo
553 2771 702 2848 Spirensi

167 3029 170 3034 ¹
231 2941 430 3024 PIUS
495 2947 713 3024 PAPA
768 2951 834 3028 VI.

170 3141 260 3198 Van.
274 3141 415 3214 Frater,
431 3143 583 3204 salutem
606 3152 640 3205 et
653 3147 889 3218 Apostolicem
970 3109 973 3114 Ι

379 3237 674 3298 Benedictionem.

108 3393 228 3455 Crebro
253 3399 404 3455 renovata
425 3413 444 3454 a
465 3401 516 3470 te,
541 3399 619 3472 Ver.
643 3401 778 3475 Frater,
803 3407 875 3463 tuae
897 3403 929 3460 iu
951 3403 1016 3464 Nos

48 3484 270 3547 observantiae
285 3488 517 3566 singularisque
532 3491 564 3550 in
580 3498 718 3552 sanctam
733 3495 812 3554 hanc
825 3496 934 3555 Sedem
950 3500 1017 3555 stu·

47 3575 92 3635 dii
114 3579 312 3653 documenta,
334 3599 393 3640 non
415 3588 546 3658 possunt
565 3585 661 3647 Nobis
683 3605 742 3646 non
763 3605 833 3648 esse
854 3587 1016 3648 iucundis-
