2624 4260
531 287 539 300 i
627 241 807 306 -ous-

238 351 387 412 adiunma
413 351 604 413 debuissent
622 352 746 430 aperire
777 349 883 410 oculos
914 363 1008 411 meos.
1038 349 1198 412 Electcret
1302 433 1303 436 Ἴ

238 463 347 522 nempe
367 462 386 504 a
406 444 529 506 crunctis
548 443 827 505 communitatibus
848 445 985 504 Ducatus
1005 442 1125 502 diserte
1150 455 1198 501 re·
1259 465 1262 472 ¹
1302 463 1303 504 i

237 539 387 616 ceperant
408 537 573 610 mandata,
596 556 634 598 ne
656 537 715 598 ulli
736 536 768 596 in
790 534 900 596 ordine
922 533 1087 612 religionis
1108 535 1197 594 inno-

238 631 358 692 vatioui
374 632 605 692 consentirent:
626 633 743 692 idcirco
759 635 831 691 dum
846 631 885 691 ad
898 630 1084 690 electionem
1099 639 1197 689 meum

238 727 366 805 procedi
385 727 545 798 viderunt,
557 727 700 804 plerique
711 727 939 786 abscesserunt.
955 723 1076 786 Electio
1092 725 1198 799 itaque

238 819 323 882 loeta
336 823 385 880 est
398 837 417 880 a
430 821 553 898 populo,
570 823 679 898 quade
690 837 725 881 rc
737 837 827 898 saepe
845 818 977 898 gloriari
997 831 1057 878 non
1074 817 1197 895 erubui3

239 933 277 974 aa
287 913 411 974 nonnisi
422 913 543 991 aliquot
560 915 719 975 huminum
735 915 988 994 irreligiosorum
1003 915 1113 973 votum
1128 919 1200 971 cbne

223 1008 380 1082 'tinebat3
403 1027 461 1086 ego
483 1014 588 1069 tamen
610 1009 689 1070 illud
712 1010 788 1069 mihi
810 1013 875 1071 tam
889 1009 1130 1088 ignominiosum
1147 1017 1200 1066 rb·

239 1106 328 1175 tum,
345 1103 531 1163 electionem
551 1103 735 1182 disciplinae
755 1103 911 1165 Ecclesiae
933 1103 1115 1180 primitivae
1128 1115 1199 1162 cone

238 1195 383 1269 formem,
394 1197 564 1274 appellavi.
573 1197 731 1264 Quantum
743 1213 819 1256 vero
830 1197 997 1260 discrimen
1009 1197 1095 1255 inter
1106 1201 1198 1257 vetus
1302 1203 1303 1220 *

114 1321 117 1335 =
239 1289 415 1352 Ooncilinm
436 1291 670 1368 Episcoporum‚
692 1291 840 1368 populum
855 1291 989 1352 alicuius
1002 1290 1146 1350 civitatis
1162 1291 1198 1350 de

239 1382 392 1443 electione
414 1381 446 1440 in
468 1383 632 1452 consilium
654 1395 781 1456 vocans,
797 1390 831 1444 et
846 1385 932 1444 inter
946 1383 1076 1443 comitia
1089 1381 1212 1462 elocti-¹

239 1495 292 1549 ua,
314 1477 367 1538 ubi
388 1477 584 1538 diversarum
605 1478 864 1538 communitatum
886 1477 991 1536 nuntii
1011 1493 1067 1554 pro
1087 1476 1201 1536 maiori

239 1570 459 1648 suffragiorum
480 1588 611 1630 numero
631 1571 797 1632 decidunt!
823 1573 941 1631 Verum
963 1573 995 1630 in
1018 1587 1085 1630 rem
1100 1587 1200 1630 meam

239 1663 405 1741 praecipue
419 1663 612 1722 conducebat
626 1682 707 1724 vanc
722 1681 757 1723 eo
772 1668 898 1742 spectro
918 1665 1022 1737 illudi,
1037 1670 1070 1724 et
1081 1663 1114 1722 ib
1127 1665 1202 1726 aulo-
1302 1695 1303 1702 κ

240 1756 364 1834 ptsndis
385 1755 585 1816 adminiculis
606 1758 688 1818 haud
709 1775 775 1818 esse
795 1757 965 1818 difficilem.

299 1851 378 1908 Post
404 1847 555 1910 eiusmodi
583 1852 869 1928 praevaricationes
892 1853 971 1913 nihil
996 1868 1044 1912 me
1065 1851 1203 1928 amplius

240 1942 385 2006 cohibere
400 1945 544 2020 poterat3
560 1945 671 2022 scripsi
684 1947 812 2005 Summo
828 1945 975 2006 Pontifici
990 1947 1027 2004 de
1046 1944 1203 2005 electione

240 2054 328 2108 mea3
343 2037 470 2113 explevi
491 2057 602 2100 vanarn
624 2041 704 2100 banc
724 2043 758 2099 et
778 2039 881 2116 Capiti
896 2040 1051 2100 Ecclesiae
1066 2039 1204 2098 iniurio-

241 2148 307 2192 sam
321 2131 560 2205 caeremoniam
575 2137 610 2192 et
623 2133 697 2208 quin
712 2133 764 2192 vol
778 2137 989 2210 expectarem,
1007 2133 1058 2192 vel
1073 2147 1203 2210 sperare

241 2241 361 2302 possem
383 2241 576 2301 responsum,
590 2227 735 2302 Lugduni
749 2245 770 2286 a
783 2226 886 2286 tribus
900 2226 1063 2304 Episcopis
1075 2224 1204 2286 Consti·

240 2318 448 2378 tutionalibus
458 2318 721 2378 consecrationem
733 2319 918 2396 sacrilegam
931 2319 1062 2396 suscepi.
1073 2321 1204 2378 Assum·

239 2409 286 2487 psi
298 2408 429 2470 titulum
439 2410 584 2488 Episcopi
597 2411 715 2471 Montis
728 2411 815 2486 Albi,
826 2412 895 2472 eius
908 2411 1051 2473 novitate
1064 2411 1203 2472 neminie

239 2503 343 2580 palam
365 2501 527 2564 declarans
555 2520 654 2564 meam
676 2505 714 2564 sb
742 2503 884 2564 omnibus
906 2503 1066 2565 Ecclesiae
1093 2505 1205 2565 caeno

238 2595 319 2658 liose
329 2595 490 2673 Episcopis
503 2595 999 2672 separationamrinobedientiam
1013 2613 1092 2674 erga
1108 2599 1205 2658 Sum-

240 2709 325 2751 mum
336 2689 575 2764 Pontificem,et
587 2691 647 2750 mei
658 2691 839 2752 schismatis
848 2691 1121 2769 complementum.
1136 2691 1204 2751 Sub

240 2785 358 2846 talibus
379 2783 527 2860 auspiciis
546 2801 597 2844 mo
617 2784 790 2846 Annecium
811 2785 944 2858 contuli,
968 2803 1028 2862 qno
1049 2785 1116 2844 loco
1140 2785 1205 2844 Ge·-

240 2893 391 2938 nevenses
413 2877 557 2955 Episcopi
578 2879 715 2940 residere
728 2882 979 2952 consueverunt;
995 2878 1110 2938 civitas
1124 2879 1205 2938 haec

161 3008 166 3030 1
240 2970 414 3046 designata,
431 2975 467 3032 ut
487 2972 647 3032 theatrum
665 2977 761 3045 esset,
777 2972 809 3030 in
831 2990 893 3050 quo
904 2984 966 3050 ego
978 2971 1091 3032 sterile
1106 2969 1207 3030 mini-

239 3063 372 3122 sterium
392 3079 495 3122 meum
514 3075 708 3138 cremeram,
731 3065 763 3124 in
783 3065 1039 3126 consternatione
1058 3064 1139 3137 fuit3
1155 3063 1206 3122 in·
1302 3055 1303 3080 i

153 3226 155 3234 y
239 3154 325 3214 colse
346 3159 543 3230 conspectum
565 3174 669 3217 meum
688 3157 901 3236 refugiebant,
922 3167 1090 3236 eorumque
1105 3157 1206 3218 triste

232 3246 399 3307 ¹silentium
415 3264 516 3306 meum
534 3248 611 3308 mihi
621 3250 740 3310 crimen
753 3251 974 3328 exprobrabatu
988 3255 1131 3312 attamen
1145 3248 1208 3312 Bc-
1302 3319 1303 3324 η

239 3339 368 3400 alesiam
389 3341 609 3402 cathedralem
629 3342 790 3420 ingressus
811 3363 881 3404 sum
903 3347 935 3405 in
955 3363 1071 3406 corone
1084 3342 1207 3406 Discat·-
1302 3365 1303 3380 ¹

239 3433 309 3492 otus
329 3434 363 3491 et
383 3430 655 3511 Municipalitatis‚
677 3437 771 3511 atquo
794 3437 840 3497 ibi
861 3437 1015 3514 praestito
1040 3435 1207 3496 libertatis

239 3526 273 3594 ot
291 3525 494 3602 aequalitatis
506 3531 702 3589 sacramento
717 3528 906 3604 intrusionis
921 3549 1006 3592 meae
1021 3529 1201 3608 perfectum
