2582 4270
623 330 660 341 ..
685 298 721 355 14
745 331 781 342 ..

221 405 381 476 EcclesiiS‚
397 421 487 480 quam
508 403 630 480 quidem
652 403 873 480 publicationis
888 404 1021 466 formam
1036 425 1182 484 expresse

221 497 358 574 requirit
378 497 620 569 Tridentium,
644 501 680 556 ut
701 503 773 573 post
795 499 931 576 triginta
951 501 1017 560 dies
1039 520 1057 562 a
1079 502 1183 577 publi-

220 592 344 651 catione
365 591 449 651 facta
469 591 601 668 incipiat
623 591 775 668 obligare.

282 687 342 744 Sed
365 687 401 744 de
423 687 480 743 hoo
503 703 539 744 ne
561 687 609 744 Tu
631 685 754 761 quidem
777 685 870 746 nimis
891 686 1012 760 iustas,
1035 688 1179 764 quoniam

220 797 280 838 non
302 781 408 856 magni
429 779 578 838 momenti
600 797 665 838 esse
686 780 780 855 probe
803 780 956 856 agnoscis:
980 779 1058 840 illud
1075 780 1178 857 potius

221 891 327 950 urges,
350 877 383 932 et
403 873 553 932 conficere
568 872 700 944 conaris,
717 874 798 948 quod
820 873 921 950 posito
936 873 1031 932 etiam
1048 873 1180 932 Triden-

220 968 281 1028 tini
302 966 432 1028 Oouoilii
454 969 612 1026 decretum
627 965 721 1025 inisse
736 967 767 1024 in
783 966 916 1043 siugulis
931 967 1107 1028 (talliarum
1121 969 1184 1026 Pa·
1252 955 1254 974 '

223 1047 335 1120 roeciis
350 1060 554 1136 publicatum,
572 1078 630 1118 non
653 1059 769 1118 idcirco
784 1061 872 1120 nulla
893 1079 927 1120 ao
942 1061 1037 1120 irrita
1058 1063 1180 1120 censeri

223 1156 373 1216 deberent
387 1152 588 1212 matrimonia
603 1152 668 1212 sine
684 1153 811 1228 parochi
827 1155 1004 1230 praesentia
1018 1157 1182 1214 contracta

223 1249 263 1308 iis
285 1249 316 1306 in
338 1246 417 1306 iocis
431 1289 444 1318 ‚J
461 1247 493 1304 in
515 1245 626 1322 quibus
648 1247 777 1322 parochi
799 1247 977 1322 praesentia
992 1247 1101 1306 haberi
1122 1266 1182 1306 non

224 1343 333 1420 possit.
358 1342 392 1399 In
414 1339 501 1398 cuius
523 1338 568 1396 rei
591 1338 871 1412 confirmationem,
888 1344 922 1399 et
935 1339 1183 1400 clarissimorum

224 1436 369 1496 virorum
392 1432 574 1492 testimonia
594 1431 735 1508 protere,
758 1437 791 1492 et
812 1434 1036 1493 auctoritatem
1057 1433 1185 1508 potissi-

224 1547 308 1588 mum
324 1530 438 1587 Sacrae
460 1524 720 1600 Congregationis
741 1525 885 1586 Gonoilii.
903 1527 951 1586 Ab
965 1545 1002 1586 ea
1016 1527 1098 1585 euim
1114 1525 1185 1602 plu-

225 1624 287 1683 ries
303 1621 474 1680 resolutum
491 1636 557 1676 esse
572 1620 716 1691 ednotus,
730 1618 878 1678 satisfieri
893 1620 991 1678 menti
1005 1618 1185 1678 Tridentini

224 1717 355 1782 Oonoiiii
376 1715 559 1774 celebrando
582 1715 815 1774 matrimonium
838 1731 941 1773 coram
964 1715 1108 1786 testibus,
1131 1714 1184 1772 ubi

224 1811 359 1874 Parochi
381 1809 559 1887 praesentia
577 1808 685 1868 haberi
709 1814 853 1884 nequeat.
868 1811 916 1868 Ex
931 1828 990 1885 quo
1006 1809 1124 1867 inferre
1139 1809 1185 1867 Te
1230 1804 1233 1808 ’

224 1925 312 1985 posse
341 1905 530 1976 arbitraria,
558 1904 665 1963 valida
693 1903 813 1962 censeri
842 1904 953 1963 debere
982 1901 1185 1963 matrimonia

225 2001 292 2060 sine
313 1997 438 2076 parochi
460 1997 639 2072 praesentia
657 1997 815 2056 celebrata
837 2004 875 2056 ah
898 1997 939 2056 iis
961 1997 1185 2056 fidelibusLu-

224 2093 380 2152 cionensis
395 2090 555 2162 dioecesis,
571 2091 622 2166 qui
643 2092 775 2166 parocho
798 2109 904 2150 carere
926 2094 1093 2167 coguntur,
1109 2106 1186 2164 quo-

225 2187 310 2249 niam
337 2187 369 2244 in
399 2185 463 2243 vim
490 2185 730 2260 praememorati
759 2185 883 2244 Decreti
905 2183 1084 2245 Nationalis
1106 2183 1186 2242 Oen-

225 2285 357 2352 ventus‚
381 2279 581 2339 matrimonia
601 2278 747 2338 contrahi
762 2279 875 2337 debent
889 2296 991 2336 coram
1013 2275 1187 2352 municipa—
1227 2267 1231 2272 ’
1284 2277 1285 2280 ’

224 2376 342 2448 litate,
372 2393 425 2434 seu
456 2373 579 2433 officiali
605 2374 643 2432 ab
674 2373 741 2448 ipsa
769 2372 1019 2448 municipalitate
1051 2371 1185 2442 delect03

225 2470 364 2546 quodque
385 2467 519 2526 multum
541 2467 675 2525 interest
696 2467 733 2524 ad
755 2465 798 2536 id,
822 2467 858 2524 de
880 2484 939 2542 quo
954 2465 1073 2542 agitur,
1089 2464 1186 2524 etiam

225 2580 330 2624 eoram
351 2565 485 2637 quatuor
507 2559 652 2618 testibus.
803 2619 804 2622 Ἴ

286 2657 369 2717 Haec
398 2672 518 2714 summa
546 2656 594 2712 est
622 2671 748 2727 eorum,
779 2671 857 2730 quae
885 2653 917 2711 in
947 2655 1015 2713 Tua
1043 2652 1187 2730 Epistola

226 2750 439 2822 eontinentur,
462 2751 555 2824 atque
575 2747 673 2806 ierme
694 2749 770 2806 haec
792 2746 860 2824 ipsa
881 2747 1101 2824 complectitur
1114 2747 1189 2824 Epi-

227 2844 320 2916 stola,
336 2859 428 2918 quam
443 2840 646 2902 Lucionensis
661 2839 810 2900 dioecesis
825 2841 953 2918 parochi
968 2842 1006 2902 ad
1021 2842 1066 2900 Te
1081 2845 1189 2900 trans-

227 2937 393 2998 miserunt.

287 3033 330 3090 Ut
350 3028 451 3105 igitur
472 3028 511 3086 iis
533 3027 684 3098 omnibus,
701 3045 778 3102 quae
793 3029 1023 3103 proponuntur,
1039 3029 1189 3104 opportu-

200 3190 202 3194 .
228 3134 299 3183 uum
316 3125 446 3182 daretur
461 3139 655 3198 responsum,
672 3121 758 3194 haec,
772 3139 849 3197 quae
865 3123 1049 3198 sequuntur,
1066 3139 1084 3181 a
1099 3137 1190 3198 prae-

228 3216 294 3277 iata
315 3215 528 3277 Cardinaiium
549 3214 796 3292 Congregatione
818 3215 991 3275 constitute
1004 3214 1143 3274 fuerunt.

288 3311 468 3370 l.Frustra
488 3309 698 3386 quaestionem
730 3311 819 3377 modo
852 3309 992 3382 moveri,
1015 3327 1087 3368 num
1111 3308 1189 3367 Tri·

227 3403 348 3464 deutini
370 3404 500 3466 Concilii
522 3405 681 3463 decretum
707 3403 899 3479 publicatum
915 3403 945 3462 in
966 3402 1098 3480 singulis
1113 3403 1190 3462 Gal-

226 3498 343 3557 liarum
355 3496 504 3564 Ecclesiis
519 3496 627 3556 fuerit.
644 3497 719 3557 Cum
736 3495 819 3554 enim
834 3501 921 3557 certo
932 3497 1051 3556 certius
1063 3499 1189 3556 constet

225 3591 258 3650 in
279 3590 427 3652 Ecclesiis
449 3590 624 3650 Galliarum
638 3591 700 3648 iam
723 3606 778 3648 usu
801 3593 961 3668 receptum
976 3609 1055 3667 esse,
1070 3595 1106 3650 ut
1120 3609 1190 3652 ma-
