2632 4262
290 377 511 456 gioneaodde,
520 378 595 456 quid
607 378 664 440 flet
674 379 711 440 de
722 379 888 455 Pontifice,
897 381 925 442 ei
937 380 1008 444 riae
1017 379 1245 442 committatur.

289 473 509 536 Detrahuntur
527 474 601 534 Seni
621 473 733 552 quibua
759 475 926 552 tegebatur
946 475 1057 549 lintea,
1070 478 1105 536 et
1126 491 1246 534 sacrum

290 567 371 630 illud
392 584 515 645 corpus,
531 568 610 645 quod
634 569 690 628 vix
711 569 788 630 satia
809 569 903 647 digne
924 569 992 647 ipsa
1012 567 1186 630 Pontificia
1199 585 1249 646 pa·

290 662 472 724 ludamenta
493 662 654 739 tegebant,
669 662 768 724 oculis
782 664 958 724 ostenditur
971 662 1124 736 omnium3
1141 679 1181 722 ne
1195 662 1249 721 hoc

290 757 414 834 quidem
436 755 645 816 dato-misero
666 756 741 816 Seni
763 760 800 817 ιιι
819 757 1002 818 erubescere
1023 755 1150 829 liceret,
1172 756 1246 833 quod

291 852 328 909 ιιι
342 849 401 908 sibi
422 849 517 910 licent
538 848 635 910 etiam
649 849 895 917 inhonestissimi
906 849 1019 927 quique
1041 850 1186 909 homines
1199 862 1248 924 pe·

290 944 355 1006 lam
376 943 550 1020 postulant.
566 943 736 1010 Quemnam
758 961 811 1003 seu
832 945 984 1021 Scytham
1005 961 1059 1003 seu
1080 943 1247 1003 barbarum

291 1056 350 1098 non
366 1039 578 1098 commoveret
591 1035 771 1098 miserabile
792 1037 1001 1114 spectaculum
1019 1035 1203 1114 languentis
1216 1038 1249 1093 et

290 1131 466 1192 fatiscentis
487 1132 589 1203 Senis,
611 1130 699 1190 ouius
719 1131 858 1209 corporis
878 1131 1039 1192 dimidiam
1060 1127 1248 1206 etamplius

290 1229 413 1304 partem
428 1225 497 1286 fuse
517 1243 573 1302 per
593 1228 683 1285 artus
705 1224 811 1285 ulcera
831 1225 1088 1302 depascebantur,
1110 1227 1147 1284 et
1161 1239 1246 1300 quem

289 1318 400 1378 vivere
429 1323 553 1380 tantum
581 1319 619 1379 ab
647 1318 760 1379 invicti
788 1319 924 1396 pectoris
949 1317 1068 1378 difficili
1097 1319 1248 1394 tardoque

290 1412 369 1473 disci
390 1413 533 1473 anhelitu
548 1413 692 1490 poterell
705 1414 789 1490 Ergo
801 1412 1051 1473 collacrimantee
1073 1411 1188 1471 medici
1201 1410 1247 1469 iu·

290 1523 375 1579 rure,
390 1507 524 1577 caelum,
540 1510 658 1566 terram
681 1506 795 1566 testari
816 1524 877 1566 non
894 1505 1047 1578 desinere,
1062 1504 1246 1566 Pontificem

290 1598 318 1660 si
338 1599 406 1660 loco
427 1601 604 1672 moveatur,
620 1599 744 1658 omnino
765 1599 967 1659 moriturum.
984 1601 1072 1659 Tunc
1093 1599 1188 1659 miles
1201 1599 1248 1656 ee

291 1692 366 1766 iem,
381 1696 461 1770 quod
481 1694 652 1770 permirum
674 1695 754 1765 erat,
771 1693 858 1752 visus
879 1696 929 1753 est
947 1694 1043 1754 fuisse
1063 1695 1246 1761 commotum

289 1787 440 1864 pactaque
461 1789 499 1847 ad
523 1787 589 1847 iter
609 1786 759 1864 pecunia,
781 1787 902 1846 iturum
924 1804 956 1846 se
977 1785 1148 1863 pollicetur
1170 1785 1246 1845 unde

289 1879 451 1956 linquendi
472 1881 563 1941 Senis
591 1881 714 1942 veniam
742 1881 939 1958 impetraret.
956 1883 1001 1941 At
1021 1880 1135 1952 brevi,
1158 1882 1248 1956 cepte

289 1975 438 2053 pecunia,
461 1994 526 2036 sese
555 1975 675 2036 iturum
702 1979 815 2055 negat:
839 1995 896 2037 sne
921 1975 1002 2035 nihil
1023 1975 1167 2048 referre,
1190 1989 1247 2050 qne

289 2069 374 2128 esset
394 2068 575 2129 valetudine
596 2069 764 2144 Pontifex3
786 2069 966 2142 viventem,
988 2087 1027 2130 an
1045 2068 1245 2138 morientem,

290 2162 480 2236 efferendum
501 2183 577 2225 esse:
596 2165 628 2224 id
651 2164 713 2223 nisi
734 2164 796 2225 iam
813 2165 1017 2236 concedatur,
1039 2162 1169 2224 crimini
1192 2161 1248 2221 tri·

289 2256 399 2316 butum
420 2256 462 2316 iri
477 2256 682 2317 serenissimo
696 2256 920 2334 Hispaniarum
942 2256 1059 2318 Infanti
1074 2256 1247 2316 Ferdiuan·

290 2351 347 2421 do,
369 2350 398 2407 iu
422 2367 512 2426 quem
540 2353 573 2410 et
599 2350 747 2425 populum
769 2352 986 2421 parmensem,
1010 2348 1166 2410 ultionem
1195 2365 1245 2407 nec

289 2439 458 2513 difficilem,
479 2443 514 2500 et
534 2444 677 2518 paratam
699 2444 817 2502 esse.O
838 2443 995 2503 crudelem
1017 2441 1155 2502 hominis
1177 2459 1246 2501 cru·

289 2533 440 2594 delissimi
462 2551 581 2607 vocem,
603 2535 630 2594 si
651 2533 775 2612 quidem
796 2536 886 2594 homo
900 2535 954 2613 qui
977 2531 1094 2607 emisit,
1110 2534 1244 2596 fuitliln

289 2628 422 2687 nondum
438 2628 514 2688 satis
535 2627 738 2688 interimendi
751 2628 917 2689 Pontificis
931 2628 1086 2706 cupiditas
1099 2631 1134 2688 et
1148 2628 1246 2688 libido

288 2720 474 2796 constabat,
497 2721 557 2782 nisi
578 2739 652 2781 sono
673 2722 741 2800 ipso
763 2726 818 2783 tuo
839 2722 932 2782 testis
953 2722 1141 2801 accederes?
1161 2723 1246 2783 Nun-

289 2814 393 2876 ciatur
413 2815 559 2876 Pontifici
580 2814 684 2896 (quam
706 2817 801 2875 durus
823 2819 857 2875 et
878 2819 1014 2875 moestus
1035 2816 1092 2876 ille
1113 2814 1244 2875 nuncius

288 2905 389 2986 initi)
411 2910 580 2972 nunciatur
601 2915 716 2981 tamen,
732 2909 797 2969 vim
812 2911 954 2986 apertam
975 2927 1053 2968 esse:
1068 2909 1128 2968 uisi
1150 2909 1246 2968 disce·

288 2999 395 3074 detur,
417 3003 588 3079 principem
610 3001 782 3080 piissimum
805 3004 838 3060 et
859 3001 1146 3079 religiosissimum,
1165 3003 1243 3062 Par·

287 3105 409 3150 menses
429 3091 512 3170 ipsos
532 3097 566 3153 et
586 3094 740 3172 reliquam
761 3111 882 3156 omnem
907 3093 1056 3155 ditionem
1079 3095 1110 3154 in
1127 3111 1243 3162 summo

287 3197 393 3242 rerum
414 3185 552 3245 omnium
574 3203 640 3246 esse
662 3188 854 3250 discrimine.
867 3189 1015 3249 Pontifex
1036 3188 1090 3266 qui
1112 3187 1176 3247 vim
1192 3185 1241 3246 rel

288 3274 429 3350 ridebat,
451 3277 503 3337 vel
524 3280 683 3355 sperabat,
707 3283 759 3343 vel
781 3280 877 3344 etiam
900 3284 1042 3360 optabat,
1056 3285 1093 3342 ut
1114 3283 1142 3342 is
1163 3282 1242 3342 esset

287 3369 392 3428 exitus
415 3370 501 3430 vitae
521 3388 611 3448 quem
634 3374 769 3434 maxime
790 3379 933 3452 cuperet3
949 3378 1042 3436 vocat
1062 3375 1238 3446 fidosauos,

287 3465 321 3523 et
340 3459 479 3538 (iubeat,
501 3481 541 3523 an
563 3463 667 3541 roget,
689 3466 859 3546 incertum)
886 3468 1026 3539 Qomso,
1051 3467 1175 3544 inquit,
1195 3481 1239 3526 mo

287 3556 366 3618 irinc
387 3559 524 3634 auferte,
547 3565 646 3636 utque
664 3561 835 3620 accetollite.
852 3560 1030 3620 Succedunt
1050 3577 1160 3622 sacrae
1174 3561 1239 3622 Sar·
