2582 4270
262 361 475 436 perstitisset,·
494 359 524 417 si
544 359 672 418 invicta
688 359 916 434 perpendatur
937 363 1140 433 constantia,
1163 381 1231 440 pua

267 459 409 516 oblatam
428 457 552 532 repulit
570 454 763 516 deserendae
778 455 957 516 catholicae
970 459 1142 535 relipionis
1155 477 1232 520 con».
1280 496 1282 532 t

267 552 438 621 ditionem;
458 551 488 609 si
509 549 703 610 admirabile
725 551 1014 612 animadvertatur
1033 553 1142 624 robur,
1166 571 1229 630 quo
1280 621 1282 629 ,

266 654 400 706 mortem
420 647 593 718 sustinuit;
613 648 643 706 si
663 646 1013 722 attendantur„prout
1026 649 1166 707 attendi
1178 649 1230 708 de·
1281 684 1282 724 ᾗ

268 741 353 812 lent,
365 739 616 816 protestationes
637 747 714 800 ante
728 740 863 812 obitum,
880 747 911 799 et
925 743 963 799 in
977 742 1069 800 obitu
1083 743 1226 814 emissae,
1281 735 1282 814 ᾗ

267 851 299 894 se
320 851 442 910 semper
462 834 657 895 catholicam
685 835 829 904 ciuisse,
853 840 884 892 et
901 841 1036 910 propter
1056 834 1154 913 fidem
1176 853 1231 896 ca*
1281 872 1282 878 κ

267 927 422 986 taolicom
438 927 646 987 libentissime
659 928 758 998 mori·
779 929 807 986 si
828 943 896 985 non
911 929 1119 999 omittantur,
1129 937 1228 1004 prout
1281 979 1282 982 ,

268 1023 377 1080 omitti
397 1038 464 1079 nvn
485 1021 610 1091 debent,
635 1019 899 1079 evidentissimae
924 1023 1089 1093 rationes,
1113 1024 1228 1098 quibus

267 1117 459 1186 ostenditur,
473 1115 593 1174 nedum
607 1117 740 1192 salsitas
752 1115 929 1174 criminum
940 1114 1070 1175 Mariae
1081 1117 1230 1192 Repinae

267 1211 496 1286 oppositorum,
519 1207 573 1266 sed
594 1208 703 1265 etiam·
716 1209 869 1283 iniquam
895 1210 1010 1266 mortis
1031 1211 1228 1269 sententiam

266 1302 368 1377 specie
389 1309 483 1360 tenus
504 1301 681 1360 columniis
701 1301 870 1372 inniaum,
894 1317 967 1358 vere
987 1303 1173 1376 processisse
1187 1319 1230 1361 en

267 1395 339 1454 odio
361 1395 538 1455 catholicae
563 1395 745 1469 relipionis,
768 1401 799 1452 et
822 1402 860 1452 at
885 1394 1050 1454 haeretica
1074 1395 1230 1471 dopmata

267 1489 305 1546 in
325 1486 471 1564 Anpliac
484 1503 584 1562 repno
599 1489 733 1544 immota
750 1489 974 1562 persisterent,
992 1485 1072 1546 nihil
1087 1486 1226 1550 ,fortasse

191 1565 196 1574 ’
267 1581 370 1640 deerit
384 1598 426 1640 ea
440 1582 493 1651 iis,
510 1595 594 1656 quae
607 1597 663 1656 pro
677 1597 753 1638 vero
770 1577 928 1656 martyrio
940 1587 1017 1639 sant
1031 1584 1227 1641 necessaria.

326 1673 447 1734 Scimus
469 1691 509 1732 ex
529 1673 727 1749 Augustino,
753 1673 833 1748 quod
862 1676 1040 1749 martyrem
1068 1691 1128 1731 non
1150 1673 1229 1733 iacit

266 1785 376 1845 poena,
393 1769 446 1827 sed
461 1785 554 1827 causa
568 1767 613 1846 (l)
625 1787 632 1840 3
648 1767 741 1842 alque
753 1766 790 1824 ob
803 1766 882 1826 hanc
893 1765 991 1842 ipsam
1004 1765 1159 1826 rationem
1171 1768 1229 1826 Be·

267 1861 408 1922 nedictus
419 1862 506 1933 XIV,
518 1878 587 1919 cum
602 1878 634 1918 so
649 1876 835 1936 propensum
854 1877 910 1936 pro
928 1859 1048 1919 Mariae
1068 1861 1230 1920 Stwartae

264 1953 422 2031 martyrio
444 1953 648 2025 declarasset,
669 1953 749 2012 illud
772 1953 947 2028 expendere
968 1951 1074 2030 coepit
1095 1953 1152 2030 (2),
1182 1971 1230 2012 an

267 2047 310 2111 ad
329 2049 529 2122 martyriam
556 2049 636 2110 satis
656 2048 710 2117 sit,
734 2055 916 2122 tyrannam
944 2045 988 2105 ad
1015 2047 1228 2124 inferendam

265 2152 400 2204 mortem
414 2147 537 2204 moveri
549 2161 591 2203 ea
604 2144 677 2204 cdiv
692 2145 845 2203 adversus
854 2143 952 2222 fidem
965 2141 1229 2220 Christijquam-

265 2242 315 2298 vis
336 2241 534 2299 occasionem
554 2239 668 2296 mortis
682 2238 830 2297 desumat
850 2254 893 2297 ea
913 2239 984 2296 alia
1004 2255 1049 2309 re,
1074 2255 1156 2316 quoe
1180 2240 1225 2296 ad

264 2339 369 2414 ipsam
391 2335 514 2395 Christi
533 2337 631 2415 fidem
646 2343 704 2394 aut
717 2335 806 2394 niun
822 2338 978 2412 pertinet,
996 2345 1054 2395 aut
1076 2353 1142 2394 non
1157 2338 1233 2394 nisi

265 2446 307 2488 ea
328 2431 492 2490 accidenti
507 2431 688 2506 pertineam
709 2436 740 2488 et
760 2427 947 2490 affirmative
963 2431 1095 2490 resolvit
1109 2429 1231 2488 ductus

181 2508 187 2522 '
264 2523 415 2594 ratione,
439 2522 525 2598 quod
546 2529 637 2582 octus
657 2538 725 2580 non
746 2523 785 2580 ab
807 2523 989 2594 occasione,
1012 2525 1063 2582 vel
1084 2539 1106 2580 a
1126 2537 1233 2582 causa

265 2615 452 2690 impulsiva,
475 2615 529 2672 sed
550 2631 571 2673 a
592 2631 691 2674 causo
710 2617 810 2692 finali
831 2631 941 2675 veram
956 2617 1009 2674 sui
1023 2616 1157 2691 speciem
1173 2615 1233 2671 de·

265 2707 378 2778 sumit,·
398 2723 435 2766 oc
452 2713 625 2782 propterea
646 2707 786 2782 sufficere
808 2708 851 2767 ad
871 2709 1081 2784 martyrium,
1105 2708 1134 2764 si
1151 2722 1232 2781 pcr-

264 2807 388 2860 secutor
402 2799 446 2859 ad
459 2816 567 2860 necem
589 2799 799 2877 inferendam
813 2809 960 2858 movetur
974 2800 1047 2859 odio
1063 2802 1100 2858 in
1114 2797 1230 2877 fidem,

265 2894 340 2952 licet
360 2895 483 2953 occasio
497 2895 610 2964 mortis
629 2896 816 2970 provenerit
839 2911 881 2952 ea
906 2895 977 2952 alia
997 2911 1043 2965 re,
1060 2909 1144 2970 quae
1169 2911 1233 2952 ra-

199 3037 200 3041 ,
264 2988 352 3045 tione
373 2981 697 3046 circumstantiarum
719 2987 762 3045 ad
781 2987 878 3064 fidem
898 3003 965 3044 non
983 2989 1177 3062 pertineret.

327 3115 363 3168 (1)
376 3114 457 3172 Epist.
475 3117 559 3164 cmv.
576 3127 645 3162 num.
661 3116 685 3161 4.
702 3115 763 3162 lom.
781 3117 815 3161 11.
834 3129 911 3175 oper„
930 3117 978 3163 col.
997 3117 1051 3163 765.
1069 3115 1130 3162 edit.
1142 3116 1232 3162 Poris·

263 3190 373 3239 linurin.
384 3181 504 3238 Enormi.
520 3190 549 3236 in
564 3190 658 3242 Pomm.
668 3191 782 3238 XXXIV.
803 3202 881 3240 serm.
891 3193 936 3249 IL,
948 3205 974 3238 n.
991 3193 1013 3238 1.
1024 3195 1086 3238 tom.
1097 3193 1143 3239 IV.
1155 3203 1231 3249 oper.

264 3265 313 3312 col.
324 3266 380 3313 244.
398 3255 424 3312 et
439 3265 467 3312 in
483 3265 576 3313 Psalm.
589 3266 715 3322 LXVIII,
734 3278 808 3313 serm.
821 3268 842 3314 Ι.
852 3279 923 3315 num.
933 3269 957 3315 9.
968 3272 1029 3316 tom.
1040 3266 1096 3315 eod.
1107 3266 1155 3314 col.
1168 3268 1230 3314 695.

263 3343 290 3388 et
306 3343 385 3389 Serm.
397 3341 524 3389 desinet.
536 3354 644 3389 sermon.
657 3341 804 3400 cmxxv,
816 3357 885 3391 num.
899 3345 921 3390 1.
933 3346 1028 3392 tomv.
1040 3357 1080 3402 op.
1092 3343 1141 3390 col.
1153 3345 1229 3392 1110.

162 3441 165 3447 ·
263 3429 338 3466 emm.
350 3418 591 3466 OGLXXXV.num.
603 3419 699 3466 mtom.
718 3417 772 3465 eod.
792 3419 841 3468 col.
859 3421 939 3477 1145„
958 3421 983 3467 et
999 3421 1089 3466 contra
1106 3419 1229 3468 crescon.

260 3492 309 3544 lib.
321 3495 370 3540 111.
380 3505 450 3540 num.
462 3493 500 3541 51.
512 3495 572 3541 tom.
582 3496 627 3540 IX.
640 3507 708 3554 oper.
721 3495 768 3544 col.
778 3497 834 3544 462.

325 3569 362 3624 (i)
379 3569 426 3618 cit.
439 3581 494 3628 cop.
504 3569 574 3616 XIII.
586 3582 656 3618 num.
668 3571 707 3618 m.
