2624 4260
716 273 893 333 -204-

363 381 407 438 De
428 379 692 439 Archidiaoonatu
707 383 838 440 vacante
853 380 885 438 in
900 382 1048 440 Ardeuna
1061 381 1143 456 quod
1159 399 1271 458 rogas,

305 475 332 534 si
353 472 447 536 Nobis
468 474 533 532 erit
553 473 712 549 integrum
735 491 833 550 neque
855 474 954 532 adhue
977 492 1013 533 ea
1033 473 1182 550 Dignitas
1205 474 1274 532 ool-

305 570 372 628 lata
393 569 445 641 sit,
469 567 637 626 habebitur
657 565 741 626 ratio
763 565 985 644 postulationis
1007 570 1090 626 tuae.

364 661 435 720 Tibi
448 679 535 732 vero,
549 660 663 720 diloote
674 659 740 719 Fili
753 662 881 733 Noster,
899 663 934 719 ut
948 647 984 718 e'o
998 679 1057 736 quo
1072 659 1149 720 facis
1161 661 1272 722 studio

305 756 337 814 iu
357 755 456 818 tantis
476 753 633 814 Ecclesiae
658 753 806 829 perieulis
832 752 981 831 gregibus
1002 752 1073 812 istis
1096 753 1272 830 providere

303 866 427 925 pergas,
452 847 590 906 divinam
612 864 699 923 opem
721 865 739 906 a
764 849 828 906 Deo
861 845 951 906 enixe
980 848 1209 921 adpreoamur3
1237 855 1272 906 et

304 941 518 1018 'Apostolioam
542 939 794 1000 Benedictionem
820 940 933 1016 pignus
959 943 1109 1016 paternae
1132 941 1272 999 benevo-

305 1034 422 1094 lentiae
439 1035 574 1095 Nostrae
597 1036 795 1109 peramanter
818 1033 1028 1108 impertimur.

372 1129 486 1186 Datum
515 1145 554 1186 ex
582 1126 735 1186 Ooeuobio
756 1127 1040 1187 Carthusianorum
1066 1143 1162 1201 prope
1193 1125 1273 1184 Flo-

305 1219 440 1278 rentiam
462 1221 512 1278 die
534 1221 562 1278 V
582 1220 720 1280 Ianuarii
741 1221 960 1291 MDGGXO[X‚
973 1218 1182 1280 Pontificatus
1197 1221 1264 1279 No-

305 1312 364 1372 stri
385 1331 464 1372 auno
485 1313 599 1372 XXIV.
1011 1337 1019 1352 ²

733 1463 837 1521 LXI.

616 1592 810 1635 varnanarur
831 1591 951 1635 raarar

663 1723 904 1784 OCTAVIO

542 1872 788 1950 Archiepimopo
808 1871 1022 1931 Nazianzeno

515 2024 685 2105 PIUS
731 2025 922 2102 ΡΑΡΑ
975 2023 1042 2099 VI.

417 2187 504 2245 Ven.
526 2187 659 2257 Frater,
681 2186 833 2244 Salutem
855 2189 890 2243 et
910 2184 1146 2254 apostolicam

636 2284 931 2341 Benedictionem.

362 2417 388 2492 i]
410 2433 518 2509 giunto
541 2452 559 2493 a
579 2435 696 2493 Nostra
718 2433 834 2493 notizia
854 2434 911 2491 ohe
934 2433 1116 2508 monsignor
1137 2431 1267 2490 Passeri

305 2526 378 2586 nell*
387 2525 557 2586 assentanei
579 2527 617 2585 da
638 2531 716 2586 costi
737 2527 829 2586 abbia
844 2531 1010 2602 surrogato
1031 2527 1063 2586 la
1084 2527 1116 2584 di
1130 2526 1175 2585 lei
1190 2529 1267 2585 Per·

304 2638 380 2680 sona
391 2618 564 2679 uell'offieio
576 2620 607 2677 di
620 2619 829 2696 Vioegerente
840 2619 871 2678 di
883 2623 982 2680 Roma
994 2639 1010 2679 e
1026 2638 1082 2679 suo
1093 2620 1265 2680 Distretto.

362 2713 422 2774 Noi
443 2713 643 2789 approviamo
665 2712 767 2771 simile
789 2712 907 2785 scelte,
932 2714 1064 2772 tenendo
1085 2712 1189 2772 fermo
1210 2714 1267 2772 ohe

302 2807 375 2869 Ella
399 2807 479 2866 oolla
507 2825 562 2866 sua
584 2805 742 2884 vigilauua
763 2825 781 2864 e.
801 2805 941 2866 saviezza
968 2806 1200 2883 disimpegnera
1222 2811 1268 2866 ot-
1303 2793 1304 2839 i

304 2903 485 2962 timamente
513 2901 678 2962 l'inoarioo
705 2901 900 2960 addossatole
921 2901 953 2959 in
976 2905 1002 2960 si
1024 2899 1142 2960 difficili
1166 2901 1269 2960 oiroo-

304 2998 420 3054 stanze.
442 2995 476 3056 Oi
498 2994 711 3070 persuadiamo
739 2995 869 3066 altresi,
892 2995 948 3054 ohe
968 2995 999 3054 lo
1022 2996 1121 3053 stesso
1146 2995 1268 3054 monsi-

304 3104 383 3164 gnor
397 3087 522 3146 Passeri
545 3105 604 3145 uon
625 3088 717 3147 abbia
737 3106 853 3147 omesso
876 3087 907 3146 di
927 3087 1138 3147 comunioarle
1161 3088 1193 3146 le
1215 3106 1268 3164 op·
1300 3145 1303 3160 ,

303 3182 439 3256 portune
453 3179 617 3238 istruzioui
638 3197 693 3255 per
716 3181 746 3240 la
767 3181 916 3240 oondotta
930 3181 1014 3257 degli
1029 3179 1118 3240 affari
1134 3179 1165 3238 di
1181 3198 1268 3257 mag·

304 3273 374 3349 gior
395 3273 519 3345 rilievo‚
535 3291 551 3330 e
567 3275 801 3349 segnatamente
816 3277 872 3334 ohe
894 3276 924 3334 le
946 3275 1040 3336 abbia
1060 3274 1266 3334 manifestato

303 3366 435 3426 iNostri
448 3365 563 3442 preoisi
575 3367 757 3426 sentimenti
773 3367 844 3428 sull’
854 3368 989 3427 artioolo
1002 3367 1053 3428 del
1066 3367 1265 3444 giurameuto

304 3458 470 3535 presoritto
499 3459 583 3519 dalla
608 3459 820 3520 costituzione
845 3463 998 3521 Romana.
1025 3460 1164 3522 Siooome
1191 3468 1264 3538 pero

305 3570 376 3611 sono
397 3554 449 3629 qui
470 3553 579 3612 venuti
602 3553 750 3613 risooutri
772 3556 811 3614 da
832 3553 885 3630 piu
908 3555 1005 3630 parti,
1028 3555 1084 3613 ohe
1106 3554 1118 3612 i
1140 3554 1264 3613 Profes-

723 3651 735 3686 t
