2582 4270
30 441 148 500 Nostra
166 439 373 517 contempsit,
396 441 447 499 sed
470 438 666 516 gravissimis
688 439 720 498 iu
742 439 806 501 Nos
826 439 999 500 insultavit

30 533 267 607 offensionibus,
298 533 569 610 usurpationibus,
593 532 739 606 iniuriis,
763 535 797 592 et
819 533 997 607 calumniis,

31 644 127 704 eoque
148 627 295 686 audaciae
321 647 356 688 ac
384 627 524 689 insaniae
551 624 722 705 processit,
748 631 785 687 ut
805 627 895 688 fictas
920 645 1027 686 com»

32 725 161 798 poneret
174 726 208 782 et
228 739 337 781 eorum
351 722 512 783 erroribus
530 722 777 810 accommodatas
794 722 921 782 litteras
943 723 1000 782 sub

32 817 143 875 Nostro
165 815 303 875 nominet
320 817 465 877 Sinamus
479 817 581 894 igitur
595 816 686 878 illum
702 835 778 890 esse,
794 817 939 894 quoniam
953 817 1001 877 ita

33 910 122 985 libet,
145 910 178 970 iu
200 929 255 970 sua
275 907 453 970 miserrima
466 911 628 988 pravitate
644 902 847 988 pertinacem,
864 911 1001 972 confida-

32 1022 160 1082 musque
173 1005 334 1064 innoxium
345 1003 499 1066 Ludovici
511 1005 692 1081 sauguinem
704 1005 840 1064 clamare
854 1007 1001 1082 quodam·

33 1101 145 1173 modo,
168 1103 261 1176 atque
282 1118 395 1174 orare,
418 1103 455 1159 ut
477 1117 564 1174 suam
586 1099 641 1158 ille
666 1104 838 1177 agnoscat,
861 1100 1001 1161 damnet-

32 1192 144 1269 quein
167 1193 354 1270 aggerandis
380 1193 504 1253 delictis
530 1192 739 1270 pervicaciam
762 1192 823 1274 (1),
848 1197 882 1254 et
902 1193 1002 1253 consi·

34 1291 124 1348 deret
153 1287 423 1348 acerbissimarum
452 1304 620 1364 poenarum
650 1304 785 1364 genera,
816 1305 893 1365 quae
919 1291 1000 1347 Deus

33 1381 150 1442 vindex
179 1382 332 1444 scelerum
360 1380 550 1440 iustissimus
572 1381 694 1457 populis
721 1380 801 1438 solet
830 1380 869 1439 ob
897 1379 1000 1438 miuus

32 1475 145 1552 gravia
167 1476 350 1552 perpetrata
371 1474 534 1534 commissa
554 1473 700 1551 infligere
722 1473 777 1551 (2).

91 1571 177 1629 Haec
198 1571 278 1646 apud
301 1587 355 1628 vos
375 1568 519 1646 pluribus
540 1587 634 1646 agere
656 1569 694 1626 ad
716 1567 842 1644 aliquod
865 1567 1002 1636 acerbis·

33 1662 106 1722 simi
127 1679 216 1722 casus
238 1661 384 1720 solatium
410 1660 578 1720 voluimus.
603 1662 712 1738 Itaque
735 1659 854 1718 utiam
878 1660 1001 1720 dicendi

33 1757 128 1814 finem
149 1755 319 1829 faciamus,
342 1755 422 1831 quod
444 1753 601 1829 reliquum
623 1759 690 1825 est,
712 1770 768 1811 vos
789 1753 827 1812 ad
849 1753 1002 1812 solemnes

33 1849 197 1926 exsequias
218 1867 274 1926 pro
296 1849 452 1908 exstincto
475 1851 560 1924 Rege
581 1845 751 1908 Nobiscum
774 1847 810 1905 de
832 1865 919 1906 more
934 1865 1003 1924 per·

33 1944 170 2017 agendas
190 1941 374 2000 invitamus.
391 1941 475 2007 Quae
490 1941 615 2016 quidem
629 1938 773 1998 funebria
788 1939 1003 2014 precationum
1037 1931 1039 1938 ⁴

33 2036 224 2094 Nostrarum
246 2032 355 2106 officia,
372 2031 434 2092 etsi
456 2049 650 2109 supervacua
670 2031 773 2090 videri
795 2032 827 2088 iu
849 2049 919 2090 eum
934 2050 1004 2108 pos·

35 2127 113 2200 sint,
136 2126 188 2204 qui
210 2126 367 2204 Martyris
389 2144 500 2185 nomen
523 2127 683 2184 assecutus
704 2125 858 2198 creditur,
881 2125 1004 2186 dicente

34 2221 66 2279 S.
84 2219 274 2296 Augustino:
292 2219 439 2280 Ecclesia
457 2235 517 2295 pro
539 2220 741 2294 martyribus
760 2237 828 2278 aon
850 2227 933 2290 orat,
950 2219 1005 2278 scd

33 2329 145 2371 corum
172 2314 283 2388 potius
311 2315 513 2372 orationibus
536 2329 567 2370 se
593 2311 796 2370 commendat
811 2309 875 2389 (3);
898 2315 1003 2370 tamon

33 2406 111 2465 haec
133 2406 202 2482 ipsa
222 2405 394 2482 Augustini
417 2405 573 2466 sententia
595 2407 632 2464 de
653 2403 710 2464 illo
733 2403 886 2482 intelligi,
905 2405 1005 2482 expli-

98 2585 135 2637 (1)
154 2583 273 2632 Geminae
291 2583 322 2630 dc
332 2583 386 2631 reb.
398 2584 477 2642 gestis
494 2583 619 2632 Ludovici
627 2585 672 2630 XI.
682 2597 713 2632 ex
724 2585 810 2643 gallic.
821 2584 849 2631 in
858 2584 932 2632 latin.
945 2597 1005 2632 con-

33 2671 88 2707 ver.
102 2671 118 2705 a
132 2661 224 2706 Ioanu.
243 2659 346 2708 Sleiiau
363 2662 407 2709 lib.
425 2663 456 2708 X.
473 2674 532 2721 pag.
550 2662 604 2709 254:
624 2679 637 2702 u
651 2662 722 2709 oeae
740 2659 911 2719 querimoniae
927 2661 954 2707 et
968 2661 1006 2707 la·

33 2753 46 2775 n
57 2735 156 2782 crimea
174 2734 327 2781 miserorum
342 2736 482 2793 hominnm,
501 2749 564 2794 quos
580 2734 718 2783 crudeliter
736 2737 870 2792 vexarunt,
890 2736 952 2781 item
970 2735 1006 2782 vi-

34 2829 45 2850 n
56 2809 169 2857 duarum
184 2811 211 2856 et
225 2811 381 2870 pupillorum
402 2812 518 2871 gemitus,
537 2815 612 2870 utque
629 2812 748 2871 suspiria,
763 2825 826 2870 quos
843 2811 1002 2870 parentibus,

35 2906 46 2926 n
59 2889 138 2944 atque
155 2885 255 2933 maritis
271 2888 410 2936 inhumane
426 2889 578 2948 spoliarunt,
596 2888 709 2936 breviter
724 2899 820 2944 eorum,
833 2900 897 2946 quos
914 2886 1006 2934 afflixe-

34 2984 46 3005 η
56 2965 129 3020 runt,
143 2963 169 3008 et
185 2963 297 3010 fortuma
314 2965 431 3012 omnibus
447 2963 617 3028 denudarunt,
628 2963 824 3011 lamentationes
842 2964 917 3022 utque
934 2965 1004 3024 plan-

35 3059 47 3080 n
58 3053 113 3098 gor,
127 3043 205 3088 erunt
222 3041 393 3090 accusationis
408 3041 473 3099 loco,
486 3053 562 3099 quam
577 3040 618 3087 illi
634 3053 719 3087 coram
734 3051 851 3107 supremo
862 3040 909 3087 Dei
924 3041 1000 3088 tribu·

35 3134 47 3154 n
57 3117 115 3162 nali
133 3117 235 3164 sistent.
248 3135 260 3156 n

96 3197 135 3250 (2)
147 3194 267 3242 Geminae
277 3194 326 3240 loc.
338 3194 381 3240 cit.
392 3207 451 3253 pag.
463 3195 508 3242 21³
520 3195 546 3240 et
557 3195 612 3250 254,
623 3194 731 3243 Journal
748 3193 778 3240 (ie
795 3193 961 3242 l'Assemblte
971 3194 1006 3240 du

36 3269 125 3328 Clergt
138 3271 209 3328 1641,
228 3283 285 3328 pag.
304 3271 351 3318 839
368 3269 400 3316 ad
418 3271 482 3319 alias
498 3284 551 3330 seq.
569 3271 614 3317 ubi
634 3270 709 3328 plura
725 3270 871 3316 referuntur
888 3271 1007 3318 luctuosa

34 3347 153 3405 exempla
168 3359 317 3405 poenarum,
329 3358 393 3404 quae
404 3346 516 3394 inflictae
527 3347 633 3393 fuerunt
649 3345 878 3392 ecclesiasticorum
888 3345 1005 3394 vinorum

34 3422 244 3480 insectatoribus,
255 3436 302 3470 nec
317 3435 370 3470 non
386 3425 411 3468 et
426 3423 551 3470 bonorum
561 3421 594 3470 ad
603 3421 732 3469 Ecclesiae
742 3422 922 3482 pertinentium
932 3435 1008 3469 usur-

35 3498 178 3553 putoribus.

97 3576 133 3630 (3)
153 3577 268 3624 sermon.
287 3575 460 3625 ccuxxxlv.
478 3589 547 3624 num.
561 3577 584 3624 t.
596 3575 658 3622 tom.
670 3577 702 3624 V.
715 3586 783 3634 oper.
797 3575 846 3621 col.
860 3575 932 3622 1143.
944 3573 1009 3622 edit.

38 3649 118 3698 Paria.
131 3651 244 3701 namin.

890 3736 908 3771 a
