2606 4268
35 371 184 448 publicus
203 371 425 432 celebretur...
436 373 601 450 sponsique
612 375 779 434 secuudum
789 373 949 436 Ecclesiae
959 374 1006 434 le-

39 482 94 541 ges
110 465 316 525 matrimonio
338 485 396 525 non
418 467 602 544 iungantur.
625 467 694 528 Etsi
710 485 784 527 vero
799 468 1006 546 praescriptio

39 561 118 619 haec
134 561 334 638 generalibus
355 579 504 639 expressa
525 563 631 622 verbis
657 564 712 636 sit,
725 563 817 624 facile
833 567 936 624 tamen
951 567 1006 641 ad-

36 653 185 712 ducimur
202 658 239 713 ut
260 657 422 728 credamus
438 657 469 716 te
491 655 529 716 de
550 656 741 715 solemnibus
754 657 884 734 nuptiis,
898 677 956 716 non
970 659 1007 718 de

38 745 181 821 privatis
194 747 401 808 intellexisse.
417 749 497 808 Hinc
512 751 550 810 ad
565 741 768 809 amovendam
784 766 1005 826 quamcumque
1092 820 1094 827 Ι

37 838 271 898 dubitationem
292 841 324 898 iu
347 858 382 900 re
404 843 535 902 maximi
557 843 719 917 momenti,
741 844 915 903 consultius
928 842 1004 916 erit,

37 933 170 1010 siquod
193 933 350 995 statuitur
371 934 407 994 de
429 937 550 1011 sponsis
572 937 712 1012 praefato
734 940 874 1013 tempore
895 935 1006 997 matri·

37 1027 148 1087 monio
170 1047 230 1087 non
241 1023 424 1106 iungendis,
451 1029 498 1088 ita
518 1029 725 1106 exprimatur:
740 1031 937 1115 ‹Sponsique
959 1049 1006 1091 se·

39 1125 178 1182 cundum
206 1122 363 1182 Ecclesiae
390 1123 475 1201 leges
498 1124 686 1183 solemnibus
708 1123 827 1202 nuptiis
852 1143 911 1184 non
937 1126 1006 1184 iun·

34 1219 196 1294 gantur.»

99 1312 200 1372 Num.
225 1310 254 1370 8.
281 1312 327 1371 Ad
354 1312 582 1390 exstinguenda
602 1312 779 1373 schismatis
795 1311 886 1371 huius
908 1311 1006 1372 vesti-

38 1404 92 1480 gia
115 1404 316 1478 decernitur,
338 1406 419 1482 quod
442 1407 591 1468 «hostiae
612 1425 630 1466 a
651 1405 849 1466 schismatico
873 1407 1006 1484 presby-

36 1501 110 1557 tero
125 1501 327 1559 consecratae
349 1503 515 1560 sumendae
529 1505 614 1573 sunt,
631 1504 687 1560 aut
704 1518 765 1560 una
779 1519 848 1558 cum
860 1501 907 1559 ita
921 1500 1005 1564 dicto

32 1591 200 1668 corporali
214 1593 451 1665 comburendae,
467 1593 545 1652 cinis
560 1594 660 1653 denuo
683 1612 762 1670 aqua
775 1593 940 1652 dilueudus
955 1595 1005 1654 at-

35 1703 96 1761 que
119 1685 153 1742 in
177 1684 348 1744 sacrarium
370 1685 753 1760 effundendusrverum,
770 1705 808 1746 ne
829 1689 1005 1746 sacerdotes

34 1777 192 1852 catholici
218 1777 303 1866 vitae
331 1779 522 1838 amittendae
553 1780 692 1855 periculo
718 1783 932 1856 exponantur,
956 1799 1006 1842 su-

33 1873 150 1929 mendo
172 1870 293 1931 hostias
313 1889 332 1930 a
352 1873 559 1931 schismaticis
580 1873 774 1950 presbyteris
795 1878 1003 1949 consecratas,

35 1965 64 2023 si
85 1964 170 2024 istae
186 1964 276 2050 forte!
289 1983 409 2024 veneno
424 1965 557 2025 infectae
579 1966 711 2040 inerint,
731 1971 764 2025 et
785 1987 823 2026 ne
848 1967 941 2025 iidem
957 1985 1004 2026 sa·

37 2065 188 2122 cerdotes
202 2063 348 2124 catholici
369 2063 401 2120 in
425 2063 488 2121 vim
504 2069 770 2140 praememoratae
786 2065 1005 2142 praescriptio·

37 2157 88 2216 nis
107 2157 158 2216 fas
181 2155 240 2214 sibi
261 2174 325 2214 esse
346 2155 544 2216 arbitrentur
570 2157 686 2216 hostias
710 2159 818 2216 statim
845 2159 1005 2218 combure·

35 2268 84 2322 re,
102 2250 187 2326 quod
210 2267 249 2312 ex
271 2249 409 2308 omnium
431 2250 649 2327 theologorum
673 2252 831 2310 sententia
857 2251 1006 2310 illicitum
1054 2246 1056 2251 ’

36 2343 169 2401 omniuo
185 2345 234 2412 est
248 2344 322 2402 aute
344 2341 474 2401 totalem
497 2361 603 2402 earum
618 2344 862 2420 corruptionem,
876 2346 1004 2420 gratum

35 2435 302 2514 apprimeNobis
322 2434 417 2510 foret,
441 2436 468 2496 si
490 2437 646 2498 claritatis
669 2437 774 2514 gratia
793 2439 899 2498 eadem
915 2455 1005 2515 prae-

37 2529 175 2604 scriptio
189 2529 221 2586 in
236 2530 316 2588 hunc
338 2531 462 2588 modum
489 2529 731 2605 exprimeretur:
748 2530 877 2590 Hostiae
892 2549 911 2590 a
925 2531 1006 2590 schi-

35 2624 175 2682 smatico
189 2623 374 2700 presbytero
389 2627 586 2684 consecratae
603 2627 807 2684 asservandae
829 2629 935 2698 erunt,
952 2627 1005 2684 do·

35 2736 93 2775 nec
108 2715 231 2793 species
251 2717 491 2776 sacramentales
512 2717 632 2776 fuerint
646 2718 768 2788 omniuo
780 2722 957 2794 corruptae,
971 2723 1004 2780 et

37 2814 117 2870 tunc
132 2809 233 2867 satius
254 2809 329 2882 erit,
353 2813 463 2869 utnon
479 2814 727 2886 concrementur,
747 2814 798 2870 sed
814 2815 885 2887 post
900 2812 1004 2885 omni-

35 2907 164 2964 modam
185 2904 416 2980 corruptionem
437 2905 469 2964 in
491 2905 675 2979 sacrarium,
698 2924 751 2964 seu
766 2905 915 2982 piscinam
929 2905 1004 2965 inii-

34 2999 178 3058 ciuntur.

94 3093 197 3153 Num.
221 3089 268 3148 13.
294 3093 338 3150 De
366 3091 576 3152 matrimoniis
607 3091 778 3151 contractis
809 3110 916 3152 coram
944 3109 1003 3168 pa-

36 3186 145 3246 rochis
168 3183 283 3243 iuratis
304 3184 499 3261 disponitur,
516 3191 552 3244 ut
572 3185 725 3262 sequitur:
742 3185 873 3244 Illorum
894 3185 1005 3245 matri·

37 3280 235 3351 moniorum,
261 3277 372 3354 quibus
396 3279 525 3338 adstitit
545 3280 696 3355 parochus
721 3281 814 3338 autea
835 3277 1001 3354 proprius,

40 3377 90 3432 sed
110 3374 150 3432 ob
166 3371 379 3432 iuramentum
391 3389 569 3450 suspensus,
587 3391 655 3431 cum
671 3373 798 3430 necdum
813 3372 851 3430 ab
865 3371 1004 3432 Ecclesia

38 3467 204 3526 definitum
221 3464 274 3536 sit,
301 3482 339 3523 an
362 3467 513 3540 parochus
535 3467 694 3540 tamquam
717 3465 863 3524 minister
883 3465 941 3522 hoc
956 3483 1005 3523 sa·

38 3562 238 3622 crementum
259 3558 411 3633 conferat,
427 3563 483 3620 aut
504 3559 536 3618 in
558 3558 684 3618 ratione
699 3558 790 3618 testis
811 3557 893 3618 omui
916 3575 1003 3616 exce-

885 3662 917 3711 tf.
