2582 4270
478 229 634 291 ..53-

491 407 610 464 1111.

385 523 579 572 vantsumu
599 527 719 577 saurus

315 657 795 733 1osaruouna'1nu

263 833 264 837 ’
376 829 534 909 Episcopo
558 829 739 893 (lenovensi

285 992 457 1074 rins
503 995 694 1072 Para
744 971 816 1073 'vu

193 1185 281 1242 ven.
303 1183 437 1256 Frater,
453 1183 605 1242 Salutem
626 1187 663 1242 et
683 1186 919 1254 Apostoltoem

407 1277 704 1340 Beuediotionem.

129 1462 351 1523 Intelleximus
372 1479 411 1520 ex
433 1461 552 1521 litteris
566 1462 883 1532 Fraternitatistuae
905 1463 1041 1525 Taurini

68 1558 157 1618 datis
180 1555 282 1633 pridie
302 1555 362 1615 oal.
379 1555 507 1630 augusti
521 1555 614 1614 huius
636 1555 722 1628 anni,
738 1575 799 1632 qua
820 1557 944 1617 virtute
963 1558 1042 1619 Fra·

68 1651 209 1712 tennitas
230 1653 286 1708 tua
306 1649 337 1708 in
360 1667 454 1708 eausa
476 1667 536 1708 nou
566 1649 667 1708 solum
688 1651 824 1724 Nostra,
847 1651 1041 1727 Sanotaeque

68 1744 263 1822 apostolieae
289 1745 400 1816 Sedis,
426 1746 480 1804 sed
501 1747 535 1803 et
565 1743 730 1804 universae
752 1745 825 1804 fidei
846 1744 1040 1818 catholioae,

68 1841 224 1899 adversus
245 1857 298 1897 eos
319 1857 351 1896 se
373 1839 520 1915 gesserit,
543 1839 597 1915 qui
620 1839 796 1898 novissimis
816 1839 900 1899 hisne
922 1843 1042 1916 tempo·

67 1932 171 2000 ribus,
188 1935 388 1992 attendentes
410 1933 576 2010 spiritibus
597 1933 716 1992 erroris
731 1937 850 2010 ponunt
871 1934 904 1992 in
919 1935 1041 1996 eaelum

68 2045 105 2088 os
127 2045 237 2098 suum,
259 2027 500 2089 dominationem
523 2032 691 2106 spernunt,
717 2031 912 2090 maiestatem
934 2033 1040 2090 autem

68 2123 306 2198 blasphemant,
329 2141 390 2198 qua
410 2123 471 2182 fide
492 2127 525 2183 et
546 2141 606 2198 quo
627 2124 693 2184 nelo
716 2124 828 2184 salutis
848 2124 1037 2197 animarum,

71 2235 135 2294 qua
155 2215 275 2291 pietate
296 2221 330 2274 et
351 2216 529 2294 prudentia,
546 2234 633 2292 opem
655 2215 751 2277 etiam
766 2215 941 2292 ferentibus
960 2235 1042 2278 eom·

69 2309 217 2388 pluribus
236 2309 458 2370 ecclesiasticis
479 2311 571 2382 viria,
587 2310 702 2369 eisdem
725 2311 829 2387 impiis
843 2315 877 2371 et
891 2312 1042 2372 sohisma·

69 2405 147 2464 tiois
169 2403 346 2463 hominibus
373 2405 404 2462 iu
426 2405 599 2464 sabaudiae
621 2407 736 2466 duoatu
760 2406 863 2466 omnia
877 2424 929 2466 eus
943 2408 1041 2484 deque

72 2501 202 2556 vertere
222 2496 421 2562 conantibus.
441 2515 473 2556 se
495 2498 687 2574 opposuerit.
710 2499 959 2576 Quooprofeoto
980 2502 1043 2562 No·

71 2591 123 2650 bis
144 2589 254 2648 auditu
277 2588 339 2648 fuit
361 2589 588 2666 gratissimum
604 2594 638 2650 et
659 2592 734 2652 lieet
756 2593 827 2653 huic
849 2597 904 2653 tuo
927 2594 1041 2672 operi,

72 2688 169 2760 atque
201 2682 300 2742 officio
321 2683 453 2758 praemii
486 2683 571 2747 loeus
603 2684 635 2742 in
658 2686 743 2744 eaelo
775 2691 809 2746 et
841 2689 921 2763 apud
943 2689 1042 2748 Deum

69 2775 318 2854 omnipotentem
341 2776 464 2852 dignior
478 2782 511 2836 et
525 2779 627 2837 maior
649 2782 852 2855 comparatus
865 2779 919 2853 sit,
935 2785 1041 2840 tamen

70 2874 138 2932 Nos
160 2887 282 2946 quoque
304 2871 427 2945 agimus
448 2871 661 2930 Fraternitati
682 2875 756 2931 tuae
778 2889 907 2949 magnas
928 2874 959 2931 in
981 2875 1043 2933 Do·

70 2965 157 3023 mino
178 2962 324 3039 gratias3
350 2981 489 3038 quaeque
510 2965 662 3022 haetenus
684 2967 774 3040 gesta
795 2985 814 3025 a
834 2968 866 3024 te
888 2970 983 3038 sunt,
1005 2968 1043 3026 nt

71 3056 221 3134 gliscenti
243 3053 405 3114 schismati
420 3055 539 3114 obicem
562 3074 744 3133 opponeres,
760 3062 854 3134 atque
875 3057 1042 3120 oonfirma·

70 3169 123 3210 res
144 3148 252 3208 fideles
275 3149 306 3205 iu
328 3148 472 3207 doctrina
494 3167 587 3224 sana,
615 3149 699 3208 omini
721 3151 813 3212 laude
845 3153 1043 3212 commenda-

69 3261 150 3302 mus.
168 3242 228 3301 Sed
251 3259 308 3299 neo
323 3258 484 3317 possumus
505 3243 773 3318 praetermittere,
790 3245 1041 3322 quandoquidem
1117 3284 1119 3289 ·

69 3339 249 3413 opportuna
270 3334 357 3394 nobis
378 3352 445 3394 sese
468 3336 599 3412 praebet
619 3335 749 3408 oeoasio,
771 3337 896 3398 hortari
910 3341 1041 3398 eandem

71 3429 324 3490 Fraternitetem
347 3433 434 3489 tuam
465 3431 495 3488 in
519 3431 666 3503 Domino,
689 3434 726 3490 ut
747 3434 923 3508 susceptam
945 3431 1041 3492 semel

72 3523 144 3584 fidei
166 3526 294 3584 sanetae
315 3524 501 3596 catholicae,
517 3525 631 3584 eteius
652 3525 715 3596 oui,
729 3527 794 3584 Deo
815 3525 928 3598 dante,
950 3543 1042 3603 preo-
