2582 4270
469 346 507 358 ..
531 313 628 372 17-

124 421 188 478 Per
219 420 388 496 impiorum
418 421 577 481 hominum
606 423 870 500 conspirationem
898 425 1027 503 capitali
1060 463 1062 474 ·

64 531 165 589 poena
186 515 352 574 damnatus
372 519 422 575 est
441 515 619 594 Ludovicus
632 518 709 576 XVI
727 535 785 576 rex
806 516 1031 580 christianissi-

63 626 144 680 mus,
169 611 202 668 et
215 609 371 668 'iudicium
392 609 570 686 impletum.

126 701 187 760 Sed
209 701 300 776 quale
315 701 395 761 illud
416 703 579 776 iudicium,
595 721 714 781 quaque
729 709 892 784 peractum
907 707 1029 770 ratione

62 793 177 866 fuerit,
200 794 343 855 breviter
373 795 460 856 vobis
489 799 815 859 commemorabimus:
840 801 929 862 nulla
949 801 1028 862 illud

62 887 280 962 auctoritate,
304 889 390 949 nullo
420 890 491 950 iure
519 891 694 952 exercitum
717 893 755 952 ab
777 893 932 954 nationali
953 897 1031 958 Con-

62 985 176 1041 ventu:
192 982 219 1040 is
234 981 317 1041 enim
339 983 457 1042 abolita
477 985 718 1060 praestantioris
739 987 929 1048 monarchici
944 989 1030 1066 regi-

61 1075 159 1135 minis
180 1075 281 1136 forma
306 1075 363 1154 (1),
385 1077 542 1154 publicam
570 1097 691 1139 omnem
720 1084 908 1157 potestatem
937 1100 1031 1160 penes

63 1170 214 1248 populum
236 1171 467 1245 constituerat,
490 1172 543 1248 qui
569 1174 658 1234 nulla
684 1173 809 1252 regitur
830 1175 973 1246 ratione,
996 1179 1030 1236 et

62 1257 212 1336 oonsilio,
235 1265 357 1324 nullum
378 1283 486 1325 rerum
508 1267 644 1344 percipit
668 1267 847 1342 discrimen,
870 1286 968 1345 pauca
990 1285 1030 1328 cx

61 1357 218 1431 veritato,
240 1359 342 1418 multa
362 1377 401 1418 ex
424 1359 568 1437 opinione
590 1361 749 1433 aestimat,
772 1362 963 1434 inconstans,
983 1360 1032 1422 fa·
1104 1397 1106 1402 ·

62 1453 136 1512 cilis
159 1453 279 1530 decipi,
301 1455 394 1514 etad
423 1473 523 1530 prava
546 1475 684 1532 quaeque
706 1457 848 1535 impelli,
871 1458 1029 1534 ingratus,

62 1564 236 1623 arrogans,
260 1548 415 1621 crudelis,
438 1549 492 1625 qui
514 1550 647 1624 humano
669 1549 838 1627 sanguine,
862 1550 915 1627 qui
936 1553 1030 1611 caede

61 1639 288 1716 funeribusque
310 1641 436 1717 gaudet,
452 1659 488 1701 ac
503 1642 731 1719 exspirantium
744 1643 861 1720 poenis,
878 1645 914 1702 ut
928 1643 960 1702 in
975 1662 1032 1703 ve-

61 1735 171 1790 terum
197 1733 447 1809 conspiciebatur
478 1735 745 1812 amphitheatris,
770 1738 808 1797 ad
835 1737 1031 1814 voluptatem

62 1825 208 1901 pascitur
223 1824 278 1903 (2).
295 1817 444 1886 Ferocior
456 1845 529 1905 pars
540 1827 633 1888 huius
646 1829 763 1906 populi,
777 1830 824 1889 sui
837 1829 920 1907 regis
932 1829 1031 1907 impe-

62 1918 149 1976 rium
165 1919 356 1978 detrectasse
372 1938 431 1979 non
444 1923 602 1993 contenta,
616 1923 716 1982 vitam
730 1923 826 1983 ctiam
842 1923 892 1983 illi
907 1923 1031 2000 eripere

64 2031 136 2071 cum
160 2013 279 2086 vellet,
294 2031 345 2073 eos
367 2033 432 2075 esse
458 2016 577 2076 iudices
598 2017 707 2088 iussit,
732 2016 785 2092 qui
807 2020 1032 2077 accusaverant

64 2125 103 2166 ao
117 2105 273 2166 infensum
287 2107 338 2166 illi
352 2109 490 2167 animum
508 2111 618 2186 aperte
639 2108 891 2181 declaraverunt3
907 2107 1028 2185 iamque

63 2201 99 2258 in
120 2199 188 2276 ipso
209 2199 319 2258 iudicii
334 2201 423 2260 aditu
445 2206 575 2279 repente
590 2201 753 2279 nequiores
768 2201 892 2278 aliquot
906 2201 1032 2261 evocati

63 2293 211 2365 fuerant,
235 2295 272 2352 ut
292 2295 568 2355 condemnantium
590 2312 736 2354 numerus
761 2294 875 2354 ceteris
900 2311 1033 2373 praeva-

62 2386 160 2446 leret.
177 2387 273 2453 Quem
295 2389 399 2448 tamen
423 2405 538 2464 augere
560 2405 618 2446 non
640 2389 823 2464 potuerunt,
846 2388 882 2446 ut
901 2387 1030 2464 proinde

132 2649 166 2701 (1)
182 2631 304 2701 Bossuet,
326 2643 452 2701 Politiqne
467 2641 531 2691 tirte
547 2643 592 2690 des
609 2655 714 2703 propres
733 2644 834 2702 paroles
851 2642 882 2690 de
898 2643 1032 2690 l’Ecriturc

63 2725 159 2780 sainte,
177 2723 242 2768 livre
258 2719 365 2776 second,
384 2720 472 2766 article
488 2719 608 2778 premier,
625 2722 693 2767 tome
709 2722 767 2766 VII.
789 2719 833 2766 des
853 2731 967 2776 oeuvres,
989 2733 1033 2779 pa·

64 2812 97 2856 ge
109 2800 165 2846 289.
176 2799 231 2844 290.
243 2798 298 2844 291.
310 2795 370 2842 edit.
383 2795 463 2850 Paris,
477 2795 547 2841 1748.

137 2871 297 2929 Proposition
313 2873 336 2917 7.
348 2873 387 2918 La
401 2869 548 2918 Monarchie
564 2870 603 2915 est
612 2869 639 2916 la
649 2870 730 2917 forme
745 2869 776 2917 de
793 2870 991 2928 gouvernement
1006 2871 1033 2918 la

63 2950 125 3009 plus
142 2960 281 3003 commune,
298 2947 326 2992 la
340 2947 399 3004 plus
415 2945 547 3002 ancienne,
565 2947 592 2991 et
607 2946 678 2992 aussi
692 2947 719 2992 la
734 2946 793 3004 plus
808 2947 943 2994 naturalle.
966 2941 969 2944 ’

131 3023 291 3082 Proposition
307 3025 332 3069 8.
348 3023 384 3068 Le
402 3022 600 3078 gouvernement
615 3021 795 3080 monarchique
812 3024 851 3068 est
866 3022 891 3069 le
907 3023 1031 3070 meilleur,

131 3099 293 3159 Proposition
304 3099 327 3144 9.
340 3100 377 3145 Da
386 3100 471 3145 tontes
487 3099 525 3145 les
536 3097 697 3146 monarchias
712 3099 739 3146 la
754 3099 871 3146 meilleur
880 3100 919 3146 est
934 3100 961 3146 la
977 3111 1034 3146 suo-

65 3177 167 3226 cesaive
183 3189 217 3222 ou
231 3173 393 3221 hdrtditaire.

129 3251 220 3300 Adam.
239 3252 358 3299 centron.
377 3251 516 3306 Politicor.,
535 3249 589 3296 sive
606 3249 636 3296 de
652 3250 780 3308 perfectae
796 3249 928 3309 reipublic.
940 3250 1031 3305 forma,

64 3331 111 3384 lib.
122 3331 144 3374 I.
158 3341 214 3385 cap.
226 3329 292 3373 XXI.
305 3322 329 3378 S.
341 3328 365 3372 9,
377 3326 462 3374 firmat
473 3327 517 3372 SS.
530 3327 619 3373 Patres
634 3325 662 3372 in
677 3327 745 3374 hanc
757 3327 915 3374 consensisse
937 3328 1034 3373 senten·

65 3405 137 3460 tiam,
155 3402 247 3448 Iustin.
259 3403 380 3460 cyprian.
390 3403 516 3448 Athenas.
534 3401 725 3460 Hieronymi).
737 3404 859 3449 Thomam
875 3405 934 3462 etc.;
952 3415 1033 3461 neque

38 3527 41 3532 ,
65 3491 128 3526 vero
144 3479 221 3525 facila
237 3477 429 3524 dissentientem
443 3476 559 3523 invenies
576 3477 652 3524 etiam
667 3490 698 3523 ex
713 3478 774 3534 illis,
786 3479 830 3536 qui
845 3479 873 3526 in
889 3479 971 3528 libera
986 3481 1033 3525 Re-

65 3555 170 3616 publica
185 3553 287 3601 educati
301 3556 412 3601 honores
427 3555 453 3600 et
467 3553 632 3611 magistratus
649 3555 789 3611 gesserunt.
854 3551 868 3620 s

128 3633 165 3685 (2)
183 3631 303 3679 Coutzem
314 3631 423 3678 incitat.
435 3631 508 3688 Oper.
521 3643 576 3689 cap.
588 3631 668 3676 XXII.
680 3625 704 3680 fl.
715 3632 746 3676 X.

109 3729 113 3738 '
164 3733 223 3784 Vol.
241 3733 285 3782 II.
363 3794 365 3798 Ι
