2606 4268
465 335 648 394 -117-

479 497 637 554 XXXV.

237 601 291 661 AL
313 601 389 662 sle.
405 602 569 662 ABBATE
590 604 642 663 DE
662 604 717 664 LA
739 603 879 664 PALME

139 767 271 828 Vicorio
296 767 455 830 Generule
483 769 570 830 della
590 769 718 831 Dioresi
738 771 774 829 di
802 767 981 849 Gnambery

344 931 586 990 munitissimo
614 933 768 1002 signore.

134 1101 265 1161 Avendo
280 1118 337 1177 per
360 1101 469 1162 ordine
484 1101 568 1162 della
586 1100 712 1162 Santila
726 1100 758 1160 di
778 1102 895 1165 Nostro
907 1101 1041 1178 signore

78 1196 111 1255 la
131 1193 305 1272 particolar
329 1195 574 1272 congregazione
599 1196 751 1272 deputata
772 1212 862 1271 sopra
884 1194 928 1272 gli
950 1193 1041 1254 affari

75 1287 282 1348 ecelesiastici
297 1287 328 1348 di
348 1289 484 1348 Francia
505 1305 597 1365 presa
610 1288 643 1347 in
658 1287 909 1348 considerazione
924 1288 956 1347 la
970 1305 1041 1365 sup-

76 1382 161 1459 plica
181 1382 233 1440 del
254 1382 399 1442 Panissel
419 1401 551 1443 vescovo
566 1383 689 1442 intruso
716 1382 800 1442 della
823 1383 953 1452 Savoie‚
981 1401 1041 1441 non

75 1495 168 1535 meno
191 1477 247 1536 che
269 1477 301 1536 la
321 1477 440 1538 lettera
461 1477 492 1536 di
508 1478 547 1537 V.
564 1477 611 1549 S.‚
631 1477 663 1536 la
683 1476 850 1552 medesinne
871 1493 1042 1552 congrega-

74 1570 182 1644 zione,
204 1570 513 1649 oollfepprovazione
535 1571 565 1631 di
587 1573 704 1633 Nostro
718 1571 862 1648 Signore,
878 1571 919 1629 ha
940 1569 1042 1647 giudi-

76 1666 149 1726 ealo
171 1668 345 1741 opportuno
366 1665 398 1723 di
420 1666 535 1725 render
555 1663 597 1724 lei
618 1664 721 1724 inlesa
735 1664 767 1722 di
781 1666 900 1741 quanio
917 1659 1038 1740 'siegoe

138 1759 173 1818 In
196 1757 296 1835 primo
317 1758 427 1836 luogo,
452 1758 483 1817 di
504 1777 607 1818 essere
629 1759 679 1819 del
701 1761 787 1818 tutto
808 1757 1040 1829 insussistente‚

76 1852 135 1910 ohe
157 1869 214 1911 sus
239 1850 365 1912 Santila
383 1869 439 1928 per
459 1869 562 1911 mezzo
583 1852 614 1910 di
636 1870 677 1910 un
700 1852 859 1912 sacerdote
881 1850 1041 1928 incognito

76 1942 170 2002 abbia
191 1943 271 2004 fatto
292 1941 454 2004 assolvere
468 1943 492 2002 il
508 1943 664 2014 Panissct‚
689 1945 779 2016 onde,
801 1962 833 2002 se
854 1943 1042 2022 ella-prims

75 2036 230 2096 dobilava
250 2037 282 2095 di
304 2037 369 2098 tale
386 2036 597 2110 assoluzione,
613 2043 685 2096 sara
698 2054 754 2096 ora
774 2041 863 2097 certa
884 2037 968 2096 della
981 2037 1042 2098 fal-

75 2131 139 2191 sila
159 2131 374 2192 dell'asserlo.

137 2225 172 2284 In
196 2227 327 2284 secondo
349 2225 454 2302 luogo,
476 2225 584 2285 chale
607 2224 792 2296 condizioni‚
816 2224 846 2284 le
867 2225 952 2301 quali
967 2225 1042 2285 deb-

75 2319 157 2377 bono
177 2318 344 2395 adempirsi
361 2317 445 2396 dagli
468 2317 598 2390 intrusi,
611 2317 713 2394 prima
728 2319 784 2377 ohe
808 2336 939 2394 possano
961 2318 1042 2378 rice-

75 2427 153 2471 vere
180 2409 205 2470 il
228 2410 377 2471 beneficio
402 2411 695 2484 dell’assolunione‚
719 2429 795 2471 sono
819 2415 903 2472 state
925 2412 964 2471 da
986 2429 1042 2472 sua

74 2504 207 2565 Santita
229 2504 437 2564 determinate
465 2503 515 2562 ool
541 2505 644 2564 Breve
672 2503 722 2563 del
747 2505 784 2564 13
810 2506 926 2582 giugno
951 2507 1041 2580 1792,

75 2598 159 2657 colle
181 2597 325 2674 seguenti
348 2597 472 2675 parole:
497 2595 543 2654 Et
562 2613 604 2656 ne
626 2599 840 2668 absolutiones
857 2598 1044 2658 huiusmodi

77 2689 185 2768 (paria
205 2707 260 2748 sua
287 2690 414 2749 Santila
442 2687 717 2748 dell’assoluzione
738 2691 778 2750 da
799 2691 882 2750 darsi
904 2691 970 2766 agli
995 2691 1043 2750 in-

75 2782 175 2859 trusi)
200 2784 381 2843 inconsulto
403 2783 632 2855 concedantur,
654 2790 713 2842 out
732 2785 802 2842 sint
824 2787 912 2843 inter
932 2801 963 2844 se
977 2784 1044 2862 difi-

73 2881 213 2955 formes,
243 2875 449 2936 inhaerentes
469 2875 534 2934 Nos
555 2873 699 2935 Concilio
719 2875 874 2946 Nicaena
897 2883 929 2935 et
956 2877 1045 2936 beni-

74 2972 192 3050 ynior'i
212 2971 361 3029 ecclesiae
378 2970 584 3045 disciplinae,
601 2971 744 3028 iubemus
765 2971 966 3029 intrusorem
987 2972 1044 3030 ab·

74 3066 159 3124 solvi
179 3064 354 3136 neminem,
376 3065 444 3121 uisi
459 3066 555 3138 prius
568 3064 687 3138 scripto
702 3064 884 3122 eiuraverit
903 3065 1044 3124 civicum

74 3163 330 3227 sacramentum,
346 3159 481 3233 illosque
495 3172 617 3216 errores
629 3157 689 3233 qui
703 3157 797 3216 civili
812 3158 1044 3216 constitutione

75 3251 159 3311 cleri
177 3245 348 3309 Gallicani
368 3252 591 3321 continentur,
615 3258 646 3309 et
659 3251 729 3308 nisi
742 3250 961 3310 declaraverit
975 3266 1045 3326 spa-

75 3346 193 3405 ciatim
222 3346 398 3421 sacrileyas
420 3361 483 3404 esse
511 3344 736 3403 ordinationes
757 3344 796 3402 ab
818 3345 958 3402 intrusis
978 3341 1045 3404 sine

76 3445 238 3514 acceptas,
262 3438 330 3496 sive
352 3444 520 3512 peractas;
541 3438 675 3495 irritam
695 3452 759 3495 esse
781 3439 933 3496 collatam
948 3439 988 3497 ab
1003 3437 1046 3494 iis

76 3531 321 3600 auctoritatem,
336 3530 558 3607 iniustamque
568 3537 599 3589 et
610 3530 737 3588 nullum
752 3545 816 3588 asse
831 3531 1044 3600 intrusionem

28 3697 29 3700 Ἴ
73 3641 147 3684 una
167 3640 243 3684 cum
265 3624 389 3682 actibus
410 3622 487 3683 inde
513 3625 629 3683 secutis
637 3643 650 3694 ;
674 3629 706 3682 et
732 3623 801 3680 nisi
827 3621 1044 3681 iureiurando

28 3721 29 3734 l

28 3741 31 3756 l
