2632 4262
505 291 544 305 ..
565 261 625 322 293
647 291 684 304 .-

213 363 342 440 lienum,
358 368 395 426 ut
408 366 529 444 possint
539 367 600 426 hoc
615 365 843 444 persecutionis
857 359 999 444 tempore

212 459 431 538 Indulgentiae
451 460 572 521 lucrari
607 504 884 521 ......
918 478 996 540 pop.
1040 461 1082 521 88

111 552 194 614 1794
217 553 256 613 12
271 552 520 630 Aprilis-Nihil
533 571 664 614 novum.
682 557 803 615 Osrolo
819 557 999 616 *moerore

214 648 305 707 Daci
325 647 507 720 Bormiae,
529 650 563 708 et
584 647 785 708 Sulrbacensi
799 647 921 709 Comiti
941 649 1001 709 Pa·

213 739 316 801 latino
331 740 435 802 Rheni
450 741 483 800 S.
499 742 540 802 R.
557 743 583 820 Ι,
597 741 740 818 Principi
752 739 903 802 Electori.
913 743 1001 802 'Lau-

215 833 270 893 dat
291 834 358 894 eius
379 834 570 895 charitatem
592 852 669 913 erga
682 834 831 912 profugos
844 833 1002 895 Ecclesia·

214 928 320 989 sticos.
344 929 491 990 Meminit
512 948 584 990 suae
606 929 759 1007 epistolae
780 929 844 989 diei
871 931 909 992 21
938 931 1003 992 No·

215 1023 354 1083 vembris
376 1023 451 1083 anni
473 1023 568 1097 1792,
592 1023 739 1101 illiusque
760 1023 853 1100 plura
879 1024 917 1082 ad
939 1025 1003 1084 Ar·

214 1114 443 1194 chlepiscopum
464 1118 663 1178 Athenarum
691 1116 884 1177 ordinarium
914 1118 1002 1180 Nun-

214 1207 296 1268 nium
319 1209 516 1269 transmittit
537 1209 681 1286 exempla
715 1252 939 1268 .....
982 1226 1001 1268 s
1041 1209 1082 1270 89

214 1301 254 1361 ul
276 1300 355 1360 Maii
380 1331 394 1346 -
417 1297 474 1360 aa
506 1302 722 1362 litteriones.
746 1307 901 1373 Angusto
921 1303 1003 1384 Epi-

214 1411 324 1466 scopo
341 1396 510 1467 Spirensi.
538 1395 633 1456 Dolet
660 1396 818 1474 Spirensis
846 1395 1002 1458 Dioecesis

216 1491 347 1550 statum.
370 1491 480 1549 Monet
501 1507 560 1548 non
575 1499 643 1549 esse
658 1488 768 1549 statim
781 1490 1001 1568 praestandam

216 1585 309 1646 fidem
321 1586 546 1648 miraculorum
561 1585 752 1647 rumoribus.
769 1589 804 1648 In
820 1586 927 1646 divina
941 1587 1002 1646 mi-

216 1679 375 1739 seratione
395 1679 542 1740 fiduciam
563 1679 688 1756 reponit
718 1722 940 1740 .....
984 1697 1002 1738 s
1042 1679 1081 1740 91

111 1779 116 1786 ·
155 1789 174 1830 s
218 1771 256 1832 16
277 1771 381 1832 Iulii·
397 1777 576 1845 Responsa
604 1775 729 1835 sacrae
759 1773 1002 1845 congregatio·

214 1866 271 1925 nis
282 1867 452 1942 deputatae
463 1883 557 1944 super
569 1867 705 1945 negotiis
719 1866 939 1928 ecclesiasticis
948 1883 1004 1926 re-

217 1958 270 2036 gni
292 1959 480 2034 Galliarum,
503 1959 671 2038 propositis
685 1960 787 2020 dubiis
802 1961 839 2019 de
861 1960 1004 2020 censuris

217 2053 293 2114 latis
314 2056 424 2113 contra
437 2055 615 2115 sacerdotes
629 2054 682 2132 qui
697 2054 831 2114 civicum
846 2053 1005 2114 iuramen-

221 2152 289 2208 tum
312 2147 544 2224 praestiterunt
556 2190 939 2208 ........
983 2163 1002 2206 s
1042 2146 1084 2210 92

156 2264 176 2307 s
216 2243 258 2305 26
271 2241 345 2302 Iulii
358 2272 372 2287 ·
386 2244 545 2318 Responsa
559 2241 694 2301 diversis
708 2239 956 2319 quaestionibus,
972 2243 1005 2302 et

217 2335 389 2407 facultates
409 2351 572 2395 concessae
594 2353 613 2395 a
633 2334 759 2394 Summo
779 2333 933 2394 Pontifice
946 2335 1004 2395 Pro

217 2433 308 2490 Pars
322 2430 366 2489 Vl
380 2427 429 2488 die
443 2428 483 2488 26
497 2428 570 2489 Iulii
589 2429 668 2490 1794
679 2429 717 2488 de
738 2427 777 2489 iis
791 2427 1003 2502 absolvendis,

218 2524 271 2602 qui
293 2523 504 2585 iuramentum
526 2522 672 2596 civicum,
688 2523 741 2583 vel
755 2523 892 2583 alterum
905 2521 1005 2582 liber-

218 2617 298 2678 tatis
326 2618 362 2676 et
385 2613 608 2691 aequalitatis,
636 2616 689 2675 vel
710 2614 807 2674 etiam
835 2616 1005 2692 utrumqne
1125 2687 1133 2704 ·

219 2710 462 2789 praestiterunt.
475 2711 520 2770 De
536 2710 637 2786 petita
650 2709 804 2770 facultate
826 2707 1005 2769 celebrandi

219 2803 348 2864 Missam
378 2803 492 2882 absque
520 2803 639 2876 alteri,
665 2801 815 2862 ministro
849 2803 882 2861 et
913 2817 1006 2864 orna·

218 2895 335 2956 mentis
343 2938 940 2956 ............
984 2911 1003 2953 r
1045 2892 1088 2955 95

158 3006 178 3049 n
219 2991 259 3052 27
279 2988 474 3066 Septembris
493 3021 510 3036 -
525 2990 673 3054 uocatos
701 2989 802 3049 dolor.
830 2989 1005 3060 Episcopo

218 3082 416 3142 Leodlensi.
446 3079 553 3141 Animi
581 3080 630 3140 sui
657 3081 780 3141 dolores
813 3077 944 3158 exponit
967 3080 1006 3140 ob

220 3175 333 3236 tristes
360 3174 428 3234 cius
457 3171 592 3234 Ditionie
613 3191 649 3233 ec
669 3173 827 3234 Dioecesis
854 3171 1008 3233 conditio·

220 3286 286 3329 nes.
308 3269 509 3346 Perspectam
531 3265 598 3327 eius
621 3267 845 3328 fortitudinem
874 3283 1007 3326 comme-

220 3364 325 3422 moret
347 3403 945 3422 ............
987 3374 1007 3446 ‘.
1046 3356 1089 3418 97

161 3474 179 3514 s
222 3455 239 3514 1
261 3453 405 3516 Octobris
418 3483 433 3501 ·
446 3453 636 3531 Accepimus
657 3453 897 3514 Fratcraitatis
918 3460 1004 3512 tuuc.

220 3551 321 3609 Petro
349 3550 522 3608 Ludovico
551 3549 822 3618 archiepiscopo
854 3545 1006 3606 nemun·
