2632 4262
87 422 127 463 ne
147 401 316 482 quaeride
337 419 369 463 se
390 405 514 482 quidem
537 406 636 480 volet,
653 411 709 468 uut
731 407 795 468 ulle
817 408 938 468 ratione
952 407 1045 472 feret.

87 499 170 564 Illud
191 502 275 561 enim
298 520 317 562 a
338 503 426 564 uobis
447 501 515 561 iure
537 503 740 581 postulatura
760 508 829 577 est,
845 505 919 563 utro
934 523 953 565 a
966 507 1048 565 tem-

86 614 162 674 pore
183 599 281 674 ipsam
297 597 438 657 dimetiri
459 597 606 671 velimus3
618 615 695 657 eone
710 615 770 674 quo
792 597 962 657 insacrum
974 599 1046 660 Viri

86 689 263 750 beatissimi
284 707 409 767 corpus,
424 708 464 750 an
479 708 515 749 eo
534 707 594 766 quo
615 689 647 748 in
669 689 806 749 eiusdem
827 688 966 748 animum
980 708 1048 751 sae·

87 783 157 843 vire
171 784 309 844 hostium
323 783 493 844 crudelitas
504 783 664 860 coeperit?
676 785 718 844 Et
731 801 916 862 quamquam
930 783 1048 843 iustum

87 894 157 937 esse
177 875 354 938 clamatura
374 876 435 950 sit,
458 881 495 937 ut
515 876 670 936 rationem
693 877 857 954 utriusque
879 878 1047 938 habeamus

87 969 263 1047 temporis3
286 973 391 1030 tamen
413 969 439 1029 si
460 973 582 1047 tempus
604 968 682 1028 illud
706 971 880 1046 praeterire
909 971 1049 1031 volueri-

87 1079 233 1140 musque
254 1061 455 1122 acerbissima
474 1065 508 1122 et
528 1061 717 1139 gravissima
730 1065 764 1122 et
777 1063 861 1122 omui
882 1067 984 1124 morte
996 1082 1048 1141 pe-

87 1158 159 1219 iora
179 1157 315 1217 vulnera
328 1155 491 1216 Pontificis
513 1157 616 1216 animo
637 1158 816 1233 contemptu
837 1175 872 1217 ec
887 1158 1048 1218 eversione

87 1251 253 1329 religionis
280 1249 402 1311 inflicta
422 1252 497 1309 suut
523 1249 561 1309 ub
588 1249 749 1322 hostibus,
772 1266 851 1326 quae
871 1252 1047 1329 Martyrem

88 1347 191 1423 magis
211 1344 314 1405 auimo
335 1361 427 1421 quam
448 1361 580 1420 corpore
595 1343 741 1416 feceriut,
757 1347 790 1403 et
810 1344 890 1420 quod
912 1343 979 1403 lere
993 1345 1048 1405 de-

88 1439 233 1500 cennium
255 1441 313 1498 est:
330 1439 398 1510 hoc,
413 1456 474 1515 quo
488 1455 600 1514 corpus
621 1436 718 1513 ipsius
732 1440 870 1513 captum,
885 1437 1046 1512 afflictum,

89 1533 295 1604 vexatum,et
303 1530 504 1607 profligatum
513 1529 613 1603 est,in
627 1530 733 1590 oculos
744 1530 886 1607 proferet
898 1532 1047 1606 omnium,

89 1629 124 1686 et
137 1627 203 1686 lere
217 1624 377 1684 biennium
390 1623 487 1683 fuisse
502 1623 719 1685 conclamabit.
730 1625 817 1692 Quod
831 1625 955 1703 quidem
971 1630 1050 1686 tem-

89 1737 148 1798 pus
169 1721 400 1778 tormentorum
423 1716 502 1776 sicui
524 1717 601 1778 satis
623 1735 689 1777 esse
712 1736 770 1777 non
793 1717 965 1790 videbitur,
988 1737 1047 1796 quo

89 1812 151 1872 sibi
178 1811 360 1888 persuaderi
389 1809 521 1894 debeat,
544 1809 576 1868 in
598 1811 678 1870 Sene
706 1811 904 1890 octogenario
932 1813 1046 1873 vicisse

81 1923 213 1966 omnem
234 1905 371 1976 modum3
384 1902 475 1962 illum
496 1904 671 1963 crudeliore
686 1907 780 1981 atque
795 1905 966 1966 immitiore
981 1905 1050 1966 aui-

90 2017 142 2058 mo
165 2015 243 2068 esse,
258 2013 349 2074 quam
371 1997 476 2055 hostes
497 1995 555 2072 ipsi
571 1996 703 2068 fuerint,
719 2001 939 2073 conqueretur.
954 1997 1049 2058 Cuius

5 2133 6 2137 ,
79 2109 165 2152 *aare
186 2090 375 2150 iustissimas
389 2089 533 2166 querelas
555 2091 622 2148 tum
637 2090 713 2160 Vos,
728 2089 977 2149 Eminentissimi
989 2091 1051 2151 Pa-

79 2189 176 2257 ·tres,
198 2199 329 2261 quorum
351 2200 471 2243 summa
491 2185 524 2242 et
545 2181 716 2260 singularis
736 2182 914 2242 humanitas
936 2181 1049 2259 ubique

91 2277 233 2357 gentium
254 2280 419 2352 perspecta
432 2279 493 2346 est,
507 2275 695 2352 gravissimo
716 2274 831 2334 iudicio
845 2276 953 2335 vestro
968 2292 1051 2334 com-

82 2367 257 2450 ·probaturi
278 2368 381 2442 eritis3
397 2373 462 2430 tum
474 2385 529 2428 nos
543 2371 682 2428 vestram
695 2368 916 2445 comprobandi
930 2367 1052 2445 supien-

89 2465 171 2525 tiam
185 2461 395 2522 collaudaturi
408 2462 539 2534 erimus,
552 2464 586 2522 et
599 2463 638 2522 ad
653 2465 775 2522 ceteras
789 2461 897 2521 laudes
912 2465 1049 2536 vestras,

90 2575 171 2635 quae
193 2571 329 2616 summae
350 2554 593 2632 omnigenasque
615 2558 700 2630 sunt,
724 2556 803 2615 hanc
825 2555 922 2616 etiam
942 2555 1052 2615 adiun-

80 2651 188 2712 oturi.

149 2745 257 2805 ,Erunt
277 2743 382 2818 itaque
396 2741 519 2818 reliqua
539 2757 617 2817 quae
631 2741 689 2800 hcc
710 2743 778 2800 toto
799 2740 998 2816 captivitatis
1013 2743 1052 2802 ad
1123 2779 1142 2806 0

93 2855 189 2915 usque
210 2839 342 2896 mortem
364 2835 506 2909 tempore
520 2831 661 2908 perferre
681 2832 792 2891 beatus
807 2833 907 2892 Peter
929 2833 1050 2906 debuit,

78 2935 131 2993 ·de
152 2931 264 3008 quibus
284 2925 504 3004 inquirendum
525 2925 601 2998 erit,
617 2927 651 2984 et
671 2942 749 3002 quae
771 2924 802 2982 iu
825 2925 905 2984 hauc
925 2930 1053 2986 conten·

85 3026 212 3086 tionem
233 3021 374 3093 venient,
396 3017 528 3092 summa,
545 3035 641 3077 necne
661 3018 737 3090 siut,
759 3017 947 3094 omninoque
969 3037 1005 3078 ea
1019 3019 1052 3078 iu

77 3116 204 3195 ·quibus
225 3111 409 3175 nobilissimi
430 3109 581 3187 martyrii
595 3109 660 3169 vim
682 3113 775 3186 etque
791 3112 937 3170 naturam
959 3110 1054 3170 collo-

18 3203 1054 3284 ,mmmmmmmmwmm

19 3313 20 3359 l
84 3305 186 3383 =perat
206 3302 320 3362 oratio.
336 3301 528 3376 Quamquam
557 3315 635 3374 quae
663 3300 754 3358 tanta
774 3315 841 3358 asae
869 3301 975 3376 potest
996 3303 1053 3360 aut

81 3395 213 3473 ingenii
234 3394 302 3465 ris,
324 3396 380 3453 aut
405 3390 570 3468 eloquendi
597 3390 749 3462 facultas,
773 3409 853 3469 quae
873 3391 1053 3452 Beatissimi

21 3517 24 3546 i
91 3487 352 3564 Sanctissimique
372 3485 481 3546 Patris
507 3483 588 3557 iter,
611 3487 645 3544 et
670 3483 780 3544 itineri
800 3501 836 3544 ac
856 3483 1054 3561 interpositis

22 3569 24 3621 ἶ
80 3600 149 3643 seu
170 3579 337 3642 domiciliis
362 3596 416 3640 seu
437 3577 615 3638 carceribus
641 3576 798 3654 quaesitas
825 3577 862 3634 de
883 3575 1051 3648 industria,

192 3701 252 3754 Vol.
269 3701 314 3752 11.
917 3701 961 3748 -18
