2606 4268
441 243 618 302 -113-

114 343 141 404 6.
170 345 340 410 Quaeritur
362 349 451 406 sexto
473 353 580 408 utrum
599 350 790 410 conveniens
810 351 904 412 sitin
928 355 1011 446 6616-

58 436 176 497 brandis
197 439 408 499 matrimoniis
430 443 676 502 benedictionem
698 445 845 506 catholici
868 421 1012 510 6666666-
1050 461 1052 466 ’

53 527 138 588 666
117 548 141 588 66
160 530 269 590 haberi
291 533 392 609 possit
412 535 564 611 accipere,
580 539 703 614 quando
728 537 933 615 impossibilis
960 547 1009 603 666
1044 592 1045 595 .

55 628 110 683 666
142 627 297 685 commode
325 627 433 686 haberi
460 630 569 706 nequit
596 631 772 708 praesentia
797 635 924 710 parochi
959 655 1012 697 ca-

56 717 170 779 tholici.
534 789 537 796 ¹

112 814 149 872 R.
172 813 368 874 Conveniens
388 818 437 875 est
458 817 628 876 6666666666
649 815 909 894 benedictionem,
939 823 1012 898 qui-

54 921 180 982 cumque
200 907 261 967 iste
276 908 331 981 sit,
347 907 462 968 habere
477 909 509 967 in
524 909 771 972 circumstantiis
785 914 816 972 in
832 914 1011 990 quaestione

53 999 229 1077 propositis.

110 1096 139 1154 7.
172 1088 344 1162 Quaeritur
376 1096 525 1172 septimo,
554 1101 682 1170 utrum,
711 1099 869 1160 celebrato
898 1101 1012 1161 matri-

51 1187 153 1248 monio
175 1189 288 1265 absque
317 1189 532 1250 benedictione
554 1192 744 1264 sacerdotis,
767 1211 845 1269 quae
875 1193 1011 1254 obtineri

50 1281 240 1360 nequiverit,
264 1282 453 1342 conveniens
474 1283 517 1344 sit
537 1302 576 1344 an
599 1303 658 1344 non
674 1286 819 1362 supplere
834 1285 945 1346 deinde
960 1287 1011 1346 be·

49 1376 257 1435 nedictionem
279 1375 417 1436 eiusdem
440 1376 646 1437 matrimonii.

111 1472 150 1530 R.
172 1469 352 1536 Quaestioni
375 1471 447 1530 huic
469 1470 547 1532 alias
564 1472 751 1548 propositae,
767 1489 947 1550 responsum
962 1475 1011 1533 666

49 1563 98 1623 666
120 1563 264 1640 sequitur
278 1595 315 1608 -
330 1565 440 1642 fideles
461 1565 637 1626 hortandos
658 1583 730 1639 esse,
753 1573 791 1625 nt
812 1583 884 1626 cnm
905 1583 1010 1626 sacer-

48 1658 134 1716 dotis
154 1659 281 1732 mptum
303 1657 419 1718 trabere
431 1668 576 1733 possunt,
591 1661 630 1719 ad
645 1677 679 1718 eo
694 1660 947 1720 benedictionem
957 1675 1011 1737 pe·

47 1758 145 1821 tant,·
173 1752 233 1827 qni
253 1757 364 1810 tamen
386 1753 456 1810 iltis
476 1752 655 1814 declarabit
675 1754 861 1812 huiusmodi
881 1754 1011 1813 benedi-

47 1847 187 1904 ctionem
216 1843 260 1902 ad
286 1844 495 1905 validitatem
523 1847 730 1906 matrimonii
762 1847 897 1906 minime
931 1862 1013 1922 per-

45 1940 166 1996 tinere.
184 1967 222 1980 -

107 2031 139 2089 8.
163 2029 284 2088 Octava
298 2029 412 2105 petitio
427 2031 557 2107 respicit
571 2031 774 2092 matrimonia
789 2032 948 2092 celebrata
961 2051 1011 2092 oc·

43 2142 116 2184 ram
132 2123 277 2200 parochis
292 2123 441 2195 intrusis,
458 2127 579 2200 quaudo
594 2127 720 2202 parochi
735 2125 870 2203 legitimi
885 2129 941 2186 aut
954 2126 1012 2186 alii

44 2217 229 2277 sacerdotes
251 2218 289 2277 de
307 2219 444 2292 parochi
454 2237 511 2280 sen
526 2219 699 2279 Ordinarii
714 2221 848 2280 lieentia
863 2222 1012 2296 poterunt

42 2312 199 2373 assistere
221 2310 304 2370 hisce
326 2312 546 2372 matrimoniis.
560 2313 730 2380 Quaeritur
746 2315 852 2370 utrum
867 2313 1012 2373 1666666-

41 2406 111 2466 1666
134 2403 202 2463 6666
224 2404 275 2463 661
298 2405 394 2464 66116.

105 2501 149 2558 R.
160 2497 363 2557 Matrimonia
376 2498 439 2560 ista
451 2499 540 2560 66116
550 2501 636 2573 6666,
648 2517 746 2575 neque
757 2499 794 2557 ad
808 2515 915 2557 eorum
926 2498 1013 2557 valo·

40 2612 112 2654 rem
133 2595 359 2654 adstruendum
380 2594 508 2669 prodest
525 2594 696 2654 declaratio
708 2593 752 2670 (l)
766 2591 928 2652 Benedicti
936 2593 1012 2650 XIV

40 2706 143 2765 super
164 2690 387 2747 matrimoniis
400 2688 610 2758 Holiandiae,
628 2689 681 2764 qui
697 2688 805 2748 661666
826 2687 927 2746 edixit
948 2703 1014 2745 ma-

39 2782 201 2842 trimonia
221 2781 333 2840 ibidem
356 2781 514 2841 celebrata
536 2799 698 2858 personam
720 2770 906 2841 catholicam
926 2779 1013 2837 66666

39 2881 73 2936 66
95 2865 197 2936 aliam
220 2875 410 2934 haereticam
439 2875 553 2950 absque
582 2873 759 2950 praesentia
783 2871 935 2950 parochi,
958 2889 1012 2930 seu

38 2988 109 3029 non
125 2977 261 3028 servata
274 2969 383 3046 forma
400 2967 590 3027 Tridentini
603 2969 745 3028 concilii.
761 2969 805 3028 Ut
819 2965 900 3026 enim
917 2965 1010 3023 omit-

39 3067 161 3122 tantur
190 3061 272 3120 aliae
297 3061 572 3132 considerationes,
594 3066 715 3120 certum
737 3062 798 3132 est,
821 3059 859 3118 ab
879 3058 1013 3135 Aposto-¹

38 3157 104 3218 lica
127 3157 212 3216 Sede
237 3156 274 3214 ad
297 3154 416 3214 Gallias
444 3160 603 3212 extensam
630 3171 690 3211 non
717 3153 812 3212 luisse
836 3151 1012 3211 Benedicti·

39 3269 112 3308 nam
144 3247 410 3318 declarationem,
439 3245 517 3323 quod
548 3243 756 3304 necessarium
786 3249 869 3304 66666
889 3247 928 3304 66
950 3250 1014 3306 sta·

37 3345 197 3402 tuendam
224 3341 423 3400 validitatem
452 3338 723 3400 matrimoniorum
750 3337 922 3416 dequibus
947 3339 1013 3415 agi·

99 3476 142 3529 (1)
161 3472 221 3518 Diei
237 3471 254 3518 4
269 3471 405 3519 66666666.
416 3483 458 3518 au.
480 3470 700 3519 tietmarum.
721 3469 814 3518 Benaci.
823 3471 891 3518 XIV.
907 3470 977 3516 Tum.
989 3471 1012 3516 Ι.

35 3559 109 3596 uum.
122 3549 247 3596 XXXIV.

140 3651 206 3702 Vol.
224 3650 270 3700 II.
872 3652 888 3698 8
