2606 4268
680 271 717 283 ..
739 239 780 299 82
801 269 839 282 ...

276 348 361 409 tur
353 365 416 408 ram
436 345 579 423 pluribus
599 345 747 405 oneribus
768 363 890 428 pressos
911 347 949 406 ad
971 346 1071 406 instas
1093 313 1286 404 adversusl
1285 405 1286 456 1

276 445 342 504 Nos
363 441 507 518 querelas
528 440 714 512 excitemus,
737 441 861 499 omnino
883 441 1025 516 cogimur
1047 439 1136 499 novis
1169 441 1252 498 emi·
1285 461 1286 510 q

277 537 393 616 gratis,
415 536 469 612 qui
491 535 579 594 exire
602 534 640 594 ab
661 534 793 596 Etruria
814 535 974 602 iubentur
991 533 1110 594 aditum
1126 537 1165 594 ad
1184 537 1251 594 Nos
1285 511 1286 570 l

277 630 494 710 praecludere.
524 631 643 689 Verum
672 647 710 688 ne
740 629 905 688 videamur
925 645 1049 700 omnes,
1077 646 1153 704 quos
1181 628 1250 704 ipse

278 729 445 802 tantopere
467 724 674 796 commendes,
691 723 868 792 excludere,
886 741 925 797 pa
926 727 1018 782 terna
1033 741 1106 781 sane
1123 721 1251 798 pietate

277 815 426 878 commoti
449 815 628 876 inducimur
647 818 818 876 eorundem
833 817 955 892 partem
971 817 1107 891 aliquam
1122 833 1250 892 quoquo

278 915 369 973 modo
390 911 580 984 admittere;
603 927 655 970 eos
673 911 806 982 scilieet,
829 911 882 988 qui
908 910 1121 970 Ecclesiastioi
1149 914 1248 980 sunt,

204 1039 207 1057 ι
278 1025 315 1068 ac
335 1007 433 1079 alias,
461 1005 562 1082 siqui
586 1007 681 1064 erunt
700 1024 717 1064 e
738 1006 864 1066 Nostris
885 1005 917 1064 in
940 1005 1046 1065 Gallia
1068 1004 1249 1064 Ditionibus

278 1099 415 1178 profugi,
438 1116 572 1175 quorum
593 1097 762 1174 peculiaris
778 1104 827 1160 est
848 1100 976 1160 aNobis
992 1099 1133 1159 habenda
1146 1099 1246 1159 ratio.

239 1209 241 1212 ’
278 1197 463 1256 Ceterorum
486 1192 646 1269 indignam
668 1197 786 1251 sortem
808 1193 967 1265 deflemus3
989 1195 1145 1268 Deumque
1169 1193 1248 1252 assi·

278 1290 338 1346 dne
360 1290 577 1364 deprecamur,
601 1289 637 1345 nt
658 1289 738 1363 quod
761 1289 824 1347 Nos
841 1305 898 1345 non
915 1288 1067 1356 velemus,
1083 1287 1155 1346 illos
1178 1289 1248 1364 Ipse
1285 1309 1286 1350 l

277 1400 352 1442 suae
380 1379 608 1456 omnipotentis
637 1380 873 1440 misericordiae
896 1381 1043 1441 subsidiis
1065 1381 1190 1454 foreat,
1215 1399 1248 1440 ac

278 1477 447 1536 sustentet.
476 1477 524 1534 Ex
553 1473 602 1532 his
630 1475 758 1532 minime
781 1475 961 1534 dubitamus
981 1475 1055 1552 quin
1082 1475 1154 1534 Tibi
1179 1494 1249 1552 per·

278 1570 428 1640 suadeas,
451 1567 654 1626 dilectissime
675 1566 707 1624 in
729 1567 856 1627 Christo
878 1568 940 1628 Fili
962 1569 1091 1639 Noster,
1112 1585 1248 1628 summo-
1285 1617 1286 1648 ἒ

278 1681 352 1741 pere
374 1663 453 1720 Tuis
473 1663 539 1722 Nos
562 1661 643 1720 affici
664 1662 904 1739 permoveriqne
924 1665 1028 1734 curis,
1058 1663 1195 1740 Tibiqnc
1217 1663 1246 1722 in

278 1756 413 1832 amplius
434 1753 565 1815 Paterni
580 1755 707 1814 Amoris
721 1760 956 1832 argumentum,
972 1742 1167 1832 Divinaeque
1182 1758 1248 1834 opis
1285 1755 1286 1836 l

277 1848 465 1925 auspicium,
480 1845 685 1922 apostolicam
701 1848 947 1908 benedictionem
962 1849 1179 1909 amantissime
1192 1850 1248 1908 im·

277 1943 444 2021 pertimnr.

338 2039 452 2096 Datum
467 2037 583 2095 Romae
598 2033 647 2094 die
663 2036 691 2094 V
705 2035 816 2094 Martii
835 2036 1054 2110 MDOOXOIV,
1070 2037 1245 2096 Pontifica-

279 2132 331 2190 tus
344 2131 455 2192 Nostri
470 2147 551 2188 anno
573 2130 644 2189 XX.

681 2253 837 2309 xxrn.

559 2355 802 2424 RESPONSA
831 2356 964 2424 DATA

418 2503 446 2561 A
459 2501 739 2576 ,SANcrissimo
762 2501 919 2560 DOMINO
939 2501 1104 2561 NOSTRO

312 2637 359 2697 Dc
380 2638 513 2696 oonsilio
535 2639 668 2696 selectae
691 2633 922 2696 Cardinalium
944 2635 1219 2714 Conpreqationis

338 2729 476 2788 diversis
496 2729 741 2804 quaestionibus
763 2729 881 2788 eisdem
900 2728 1084 2790 Sanctitati
1101 2727 1192 2788 Suae

664 2825 850 2900 propositis.

339 2967 527 3028 Sollicitudo
540 2968 676 3026 omnium
690 2969 915 3040 Ecclesiarnm,
928 2989 989 3046 qua
1002 2971 1160 3048 premitur
1173 2971 1246 3031 San-

279 3061 439 3120 ctissimns
468 3061 616 3120 Dominus
644 3062 762 3121 Noster
784 3063 875 3123 PIUS
898 3063 1013 3122 Divina
1041 3063 1247 3123 Providentia

279 3157 366 3231 Papa
387 3157 522 3226 Sextus,
546 3158 639 3230 atque
661 3157 774 3242 ardens
796 3157 934 3214 studium
961 3158 999 3215 iis
1021 3159 1164 3216 omnibus
1186 3157 1246 3234 opi·

279 3249 402 3308 tulandi
412 3248 489 3325 ,qui
512 3247 697 3308 difficillima
713 3237 795 3308 nacti
813 3253 992 3326 tempora
968 3251 1142 3310 Gallicanis
1157 3269 1247 3328 prae-

279 3347 353 3400 sunt
373 3341 542 3413 Ecclesiis,
566 3344 858 3450 quemadmodum
851 3361 882 3401 1n
905 3363 977 3402 osan
980 3361 998 3402 a
1019 3362 1142 3422 semper
1163 3346 1244 3416 fuit,

279 3433 381 3494 itaet
403 3439 571 3508 nunccst,
590 3442 626 3495 ut
613 3437 727 3496 tnilril
750 3437 864 3496 omitte
846 3441 1007 3497 eteorum
1019 3457 1121 3514 ,quae
1144 3446 1245 3500 osten·

279 3527 378 3586 dant
371 3546 401 3586 m
419 3529 557 3588 tenebris
572 3531 689 3604 lumen,
705 3549 741 3590 ac
755 3535 1009 3607 praemonstrent
1026 3532 1107 3590 viam
1120 3533 1242 3610 planam
