2582 4270
647 299 804 358 ...46-

243 415 360 472 habens
381 411 561 488 alloquendi
582 409 725 488 egregios
746 408 845 480 viros,
859 407 912 484 qui
927 405 1104 466 huiusmodi
1117 421 1210 482 prae-

245 508 319 566 sunt
340 504 438 582 operi,
452 504 576 578 efficias,
589 505 625 562 ut
636 503 705 580 regi
717 505 749 562 et
764 501 883 562 nationi
899 501 1086 572 innotescat,
1098 496 1209 574 quales

246 597 330 677 grati
352 597 448 657 animi
462 615 569 657 sensus
583 614 639 674 per
652 599 715 658 Nos
736 594 917 668 foveantur,
930 595 963 652 et
977 596 1111 671 quantus
1125 590 1210 666 apud

244 694 308 754 Nos
330 692 477 768 antiquae
499 691 639 768 ipsorum
662 687 890 749 existimationi
918 686 1061 746 cumulus
1082 687 1211 745 accede-

246 785 301 845 rit.
312 786 359 845 Ad
374 785 449 844 haec
465 783 680 842 incredibilem
694 785 844 844 Nostram
858 780 1102 841 consolationem
1117 779 1209 838 debes

247 877 430 954 adiungere,
453 894 513 952 qua
533 878 596 938 Nos
614 876 729 935 mirum
751 875 782 934 in
806 875 928 934 modum
950 873 1087 933 recreati
1109 891 1145 934 ac
1160 891 1211 933 re-

247 969 440 1031 iectisumus
454 969 670 1047 intelligentes
698 969 829 1029 istorum
846 985 1016 1046 regnorum
1037 967 1210 1028 catholicos

248 1064 370 1123 levatos
384 1031 478 1122 fuis'se
498 1081 591 1122 onere
613 1063 716 1140 legum
741 1061 929 1140 poenalium,
945 1081 1005 1139 quo
1021 1061 1070 1121 illi
1086 1080 1104 1121 a
1118 1065 1211 1122 tanto

248 1157 310 1216 iam
332 1161 470 1232 tempore
493 1156 737 1233 premebantur3
760 1155 852 1233 idque
872 1157 972 1216 adhuc
994 1155 1112 1232 magis,
1137 1155 1212 1232 quia

248 1271 354 1331 regem
376 1255 409 1312 et
431 1254 588 1313 nationem
610 1271 645 1312 eo
668 1253 827 1313 devenisse
844 1253 987 1311 novimus
1009 1271 1069 1312 uon
1085 1256 1211 1312 tantum

249 1365 304 1408 aua
319 1349 427 1424 sponte
442 1349 476 1406 et
491 1346 636 1423 propriae
659 1345 867 1406 humanitatis
882 1344 1030 1421 impulsu,
1048 1345 1212 1406 sedetiam

249 1443 287 1501 ob
308 1441 436 1518 probam
455 1442 701 1516 prudentemque
716 1439 845 1499 vivendi
860 1439 1015 1500 rationem
1041 1439 1212 1498 eorundem

249 1534 485 1607 catholicorum,
505 1533 560 1609 qui
581 1533 738 1610 obsequio,
756 1533 944 1606 obedientia,
964 1550 999 1591 ac
1014 1531 1073 1591 fide
1093 1531 1213 1590 nemini

249 1613 462 1703 concedentes,
483 1647 618 1690 amorem
642 1629 720 1702 sibi,
741 1648 777 1689 ac
798 1629 943 1688 fiduciam
964 1627 1128 1704 regiminis
1143 1646 1214 1687 suo-

250 1743 380 1801 rumque
405 1723 623 1800 indigenarum
651 1725 883 1782 demeruerant.
906 1724 1093 1781 Persuasum
1113 1722 1213 1782 Nobis

250 1822 309 1890 est,
332 1819 363 1876 te
387 1835 506 1877 summa
527 1815 624 1876 animi
647 1816 811 1892 voluptate
835 1817 904 1889 hoc,
928 1817 1009 1892 quod
1031 1815 1090 1875 tibi
1111 1815 1214 1892 impo-

250 1911 363 1983 nimus,
378 1929 517 1982 mnnere‚
538 1914 571 1968 et
588 1909 687 1968 officio
703 1909 934 1970 defuncturum.
952 1909 1112 1968 Vellemus
1126 1910 1214 1986 equi·

251 2008 320 2065 dem
335 2023 371 2064 ea
382 2003 560 2063 conditione
575 2022 653 2076 esse,
668 2006 703 2063 ut
721 2003 914 2080 singulorum
927 2001 1212 2062 ecclesiasticorum

251 2099 394 2157 exsulum
406 2116 422 2156 e
435 2097 555 2157 Galliae
572 2114 668 2176 regno
680 2114 837 2172 possemus
848 2095 1031 2172 indigentiis
1046 2114 1213 2156 occurrere

251 2197 284 2252 et
298 2211 385 2270 opem
407 2192 502 2251 serre.
521 2191 580 2251 Sed
596 2191 706 2267 ingens
722 2209 869 2250 numerus
881 2206 1000 2263 eorum,
1014 2191 1067 2266 qui
1083 2190 1213 2252 aNobis

252 2288 376 2364 excepti
397 2292 481 2360 sunt,
505 2285 617 2364 quique
643 2303 699 2362 per
719 2287 783 2347 Nos
804 2289 1039 2357 sustentantur,
1060 2287 1137 2344 adeo
1159 2303 1215 2344 ex·

251 2381 366 2453 crevit,
380 2383 417 2440 ut
429 2381 560 2440 Nostrae
574 2379 635 2439 iam
651 2378 737 2438 vires
758 2380 899 2438 excedat.
915 2381 1062 2455 Adeoque
1077 2377 1213 2436 maxime

250 2474 368 2534 Nostra
381 2473 528 2546 interest,
548 2477 585 2532 ut
606 2475 696 2548 grato
717 2473 820 2532 animo
843 2473 938 2531 simus
960 2491 1036 2549 erga
1058 2471 1213 2549 inclytam

252 2567 424 2638 nationem,
438 2583 528 2641 quam
545 2583 601 2641 pro
616 2569 703 2624 certo
725 2567 872 2626 habemus
886 2565 975 2624 vobis
990 2581 1112 2641 semper
1125 2564 1215 2624 adiu·

252 2663 369 2732 turam,
392 2659 489 2717 donec
510 2657 645 2734 episcopi
670 2657 786 2734 aliique
808 2657 1013 2718 ecclesiastici
1034 2655 1124 2734 regni
1140 2657 1216 2716 Gal·

252 2753 368 2813 liarum
390 2751 510 2828 possint
531 2753 568 2812 ad
591 2770 662 2812 suas
685 2753 771 2811 sedes
792 2757 825 2810 et
842 2751 989 2812 ecclesias
1004 2751 1151 2811 reverti:
1176 2770 1213 2811 eo

252 2846 305 2905 vel
326 2845 427 2922 magis
449 2843 521 2921 quia
543 2843 706 2921 scriptum,
730 2844 817 2904 cuius
839 2844 980 2920 superius
1000 2844 1213 2920 meminimus,

252 2941 354 2998 certos
374 2939 438 2998 Nos
459 2938 576 3010 reddit,
593 2955 631 2996 ex
651 2938 769 3014 optima
791 2937 919 2996 vivendi
940 2937 1065 2998 ratione
1081 2957 1098 2997 a
1113 2938 1215 2999 Gallis

252 3030 474 3090 ecelesiasticis
497 3031 578 3090 inita
599 3034 722 3091 auctam
746 3031 948 3090 vehementer
970 3031 1065 3090 fuisse
1086 3031 1216 3090 commi-

253 3125 453 3198 serationem,
465 3143 556 3200 quam
571 3142 737 3184 aerumnae
752 3124 880 3202 indigne
896 3143 1022 3202 prorsus
1037 3125 1076 3185 ab
1090 3125 1130 3184 iis
1143 3143 1216 3202 per-

253 3220 337 3280 latae
358 3219 589 3292 excitaverant,
606 3223 639 3278 et
659 3223 763 3279 certos
783 3219 860 3278 item
882 3221 947 3280 Nos
969 3219 1056 3293 facit,
1076 3219 1215 3280 nationis

254 3312 346 3372 istius
368 3311 596 3372 humanitatem
619 3312 906 3390 liberalitatemque
936 3313 982 3372 ita
1003 3313 1068 3373 late
1090 3316 1214 3391 patere,

254 3407 291 3464 ut
311 3404 363 3464 vel
384 3405 422 3464 ad
444 3405 528 3482 ipsos
554 3424 626 3465 suos
647 3407 752 3466 hostes
774 3407 968 3483 porrigatur.
991 3405 1072 3466 Aliis
1086 3407 1215 3468 Nostris

253 3498 374 3559 litteris
388 3500 488 3559 coacti
507 3519 606 3578 nuper
624 3501 739 3562 fuimus
754 3501 861 3561 fideles
876 3519 1070 3561 commonere
1085 3501 1218 3578 provin-

254 3592 319 3653 ciae
335 3594 520 3671 praesertim
532 3595 752 3670 Pictavieusis,
773 3598 806 3656 et
823 3596 1008 3658 Britanniae
1022 3595 1165 3670 Minoris,
1180 3598 1217 3655 ut
