<?xml version="1.0" encoding="UTF-8"?>
<!DOCTYPE html PUBLIC "-//W3C//DTD XHTML 1.0 Transitional//EN"
    "http://www.w3.org/TR/xhtml1/DTD/xhtml1-transitional.dtd">
<html xmlns="http://www.w3.org/1999/xhtml" xml:lang="en" lang="en">
 <head>
  <title>
</title>
<meta http-equiv="Content-Type" content="text/html;charset=utf-8" />
  <meta name='ocr-system' content='tesseract 3.04.00' />
  <meta name='ocr-capabilities' content='ocr_page ocr_carea ocr_par ocr_line ocrx_word'/>
</head>
<body>
  <div class='ocr_page' id='page_1' title='image "./piivipontmaxact02piusgoog_0128.png"; bbox 0 0 2606 4268; ppageno 0'>
   <div class='ocr_carea' id='block_1_1' title="bbox 245 257 1208 437">
    <p class='ocr_par' dir='ltr' id='par_1_1' title="bbox 245 257 1208 437">
     <span class='ocr_line' id='line_1_1' title="bbox 660 257 836 317; baseline 0.011 -2"><span class='ocrx_word' id='word_1_1' title='bbox 660 288 697 301; x_wconf 92' lang='lat'><em>-</em></span> <span class='ocrx_word' id='word_1_2' title='bbox 720 257 778 317; x_wconf 87' lang='grc'>116</span> <span class='ocrx_word' id='word_1_3' title='bbox 798 287 836 300; x_wconf 94' lang='grc'>-</span> 
     </span>
     <span class='ocr_line' id='line_1_2' title="bbox 245 359 1208 437; baseline -0.001 -15"><span class='ocrx_word' id='word_1_4' title='bbox 245 364 366 422; x_wconf 88' lang='lat' dir='ltr'>starum</span> <span class='ocrx_word' id='word_1_5' title='bbox 380 359 518 437; x_wconf 89' lang='lat' dir='ltr'>opinioni</span> <span class='ocrx_word' id='word_1_6' title='bbox 532 359 617 420; x_wconf 86' lang='lat' dir='ltr'>vires</span> <span class='ocrx_word' id='word_1_7' title='bbox 639 361 790 422; x_wconf 86' lang='lat' dir='ltr'>maximas</span> <span class='ocrx_word' id='word_1_8' title='bbox 804 362 918 420; x_wconf 79' lang='lat' dir='ltr'>addere</span> <span class='ocrx_word' id='word_1_9' title='bbox 932 360 1077 421; x_wconf 76' lang='lat' dir='ltr'>debuerit</span> <span class='ocrx_word' id='word_1_10' title='bbox 1091 377 1208 421; x_wconf 88' lang='lat' dir='ltr'>memo-</span> 
     </span>
    </p>
   </div>
   <div class='ocr_carea' id='block_1_2' title="bbox 245 447 1297 532">
    <p class='ocr_par' dir='ltr' id='par_1_2' title="bbox 245 447 1297 532">
     <span class='ocr_line' id='line_1_3' title="bbox 245 447 1297 532; baseline -0.002 -16"><span class='ocrx_word' id='word_1_11' title='bbox 245 461 349 516; x_wconf 86' lang='lat' dir='ltr'>ratum</span> <span class='ocrx_word' id='word_1_12' title='bbox 382 454 597 526; x_wconf 81' lang='lat' dir='ltr'>conventionis</span> <span class='ocrx_word' id='word_1_13' title='bbox 627 455 786 516; x_wconf 88' lang='lat' dir='ltr'>decretum</span> <span class='ocrx_word' id='word_1_14' title='bbox 814 455 982 532; x_wconf 77' lang='lat' dir='ltr'>cupiditati</span> <span class='ocrx_word' id='word_1_15' title='bbox 1010 472 1209 532; x_wconf 85' lang='lat' dir='ltr'>summopere</span> <span class='ocrx_word' id='word_1_16' title='bbox 1296 447 1297 472; x_wconf 37' lang='lat' dir='ltr'>i</span> 
     </span>
    </p>
   </div>
   <div class='ocr_carea' id='block_1_3' title="bbox 244 548 1209 1377">
    <p class='ocr_par' dir='ltr' id='par_1_3' title="bbox 244 548 365 609">
     <span class='ocr_line' id='line_1_4' title="bbox 244 548 365 609; baseline -0.008 -1"><span class='ocrx_word' id='word_1_17' title='bbox 244 548 365 609; x_wconf 81' lang='lat' dir='ltr'>sarens.</span> 
     </span>
    </p>

    <p class='ocr_par' dir='ltr' id='par_1_4' title="bbox 244 642 1209 905">
     <span class='ocr_line' id='line_1_5' title="bbox 304 642 1209 720; baseline -0.002 -18"><span class='ocrx_word' id='word_1_18' title='bbox 304 644 369 702; x_wconf 89' lang='lat' dir='ltr'>Iam</span> <span class='ocrx_word' id='word_1_19' title='bbox 390 642 550 702; x_wconf 85' lang='lat' dir='ltr'>oraculum</span> <span class='ocrx_word' id='word_1_20' title='bbox 572 646 719 720; x_wconf 85' lang='lat' dir='ltr'>expectat</span> <span class='ocrx_word' id='word_1_21' title='bbox 740 643 829 704; x_wconf 87' lang='lat' dir='ltr'>Sedis</span> <span class='ocrx_word' id='word_1_22' title='bbox 843 642 1053 720; x_wconf 61' lang='lat' dir='ltr'>Apostolum,</span> <span class='ocrx_word' id='word_1_23' title='bbox 1069 658 1209 701; x_wconf 79' lang='lat' dir='ltr'>sacram·</span> 
     </span>
     <span class='ocr_line' id='line_1_6' title="bbox 244 733 1209 814; baseline -0.001 -19"><span class='ocrx_word' id='word_1_24' title='bbox 244 754 303 814; x_wconf 88' lang='lat' dir='ltr'>que</span> <span class='ocrx_word' id='word_1_25' title='bbox 324 736 355 794; x_wconf 91' lang='lat' dir='ltr'>in</span> <span class='ocrx_word' id='word_1_26' title='bbox 378 736 527 796; x_wconf 82' lang='lat' dir='ltr'>estotius</span> <span class='ocrx_word' id='word_1_27' title='bbox 548 736 633 796; x_wconf 88' lang='lat' dir='ltr'>orbis</span> <span class='ocrx_word' id='word_1_28' title='bbox 654 736 821 798; x_wconf 81' lang='lat' dir='ltr'>christiani</span> <span class='ocrx_word' id='word_1_29' title='bbox 835 737 916 796; x_wconf 88' lang='lat' dir='ltr'>bono</span> <span class='ocrx_word' id='word_1_30' title='bbox 931 733 1141 814; x_wconf 77' lang='lat' dir='ltr'>praesidentis</span> <span class='ocrx_word' id='word_1_31' title='bbox 1155 735 1209 794; x_wconf 88' lang='lat' dir='ltr'>be·</span> 
     </span>
     <span class='ocr_line' id='line_1_7' title="bbox 245 828 611 905; baseline -0.003 -15"><span class='ocrx_word' id='word_1_32' title='bbox 245 829 451 890; x_wconf 88' lang='lat' dir='ltr'>nedictionem</span> <span class='ocrx_word' id='word_1_33' title='bbox 472 828 611 905; x_wconf 83' lang='lat' dir='ltr'>flagitat,</span> 
     </span>
    </p>

    <p class='ocr_par' dir='ltr' id='par_1_5' title="bbox 324 921 1204 1377">
     <span class='ocr_line' id='line_1_8' title="bbox 324 921 650 995; baseline 0.009 -15"><span class='ocrx_word' id='word_1_34' title='bbox 324 921 516 982; x_wconf 78' lang='lat' dir='ltr'>Rectissime</span> <span class='ocrx_word' id='word_1_35' title='bbox 536 921 650 995; x_wconf 82' lang='lat' dir='ltr'>Pater,</span> 
     </span>
     <span class='ocr_line' id='line_1_9' title="bbox 404 1015 758 1090; baseline 0 -14"><span class='ocrx_word' id='word_1_36' title='bbox 404 1015 591 1076; x_wconf 81' lang='lat' dir='ltr'>Sanctitatis</span> <span class='ocrx_word' id='word_1_37' title='bbox 614 1017 758 1090; x_wconf 76' lang='lat' dir='ltr'>Vestrae,</span> 
     </span>
     <span class='ocr_line' id='line_1_10' title="bbox 607 1108 1204 1188; baseline -0.008 -18"><span class='ocrx_word' id='word_1_38' title='bbox 607 1111 908 1188; x_wconf 88' lang='lat' dir='ltr'>Obsequentissimus</span> <span class='ocrx_word' id='word_1_39' title='bbox 930 1114 963 1172; x_wconf 87' lang='lat' dir='ltr'>et</span> <span class='ocrx_word' id='word_1_40' title='bbox 983 1108 1204 1171; x_wconf 76' lang='lat' dir='ltr'>devotissimus</span> 
     </span>
     <span class='ocr_line' id='line_1_11' title="bbox 745 1203 1044 1264; baseline 0.007 -2"><span class='ocrx_word' id='word_1_41' title='bbox 745 1203 848 1264; x_wconf 87' lang='lat' dir='ltr'>Filius</span> <span class='ocrx_word' id='word_1_42' title='bbox 869 1221 905 1263; x_wconf 81' lang='lat' dir='ltr'>ac</span> <span class='ocrx_word' id='word_1_43' title='bbox 926 1205 1044 1264; x_wconf 85' lang='lat' dir='ltr'>Servus</span> 
     </span>
     <span class='ocr_line' id='line_1_12' title="bbox 464 1290 1202 1377; baseline 0.001 -24"><span class='ocrx_word' id='word_1_44' title='bbox 464 1290 598 1354; x_wconf 69' lang='lat' dir='ltr'>Carolus</span> <span class='ocrx_word' id='word_1_45' title='bbox 617 1295 686 1377; x_wconf 76' lang='lat' dir='ltr'>FF.</span> <span class='ocrx_word' id='word_1_46' title='bbox 703 1296 971 1374; x_wconf 69' lang='lat' dir='ltr'>Archiaciscopus</span> <span class='ocrx_word' id='word_1_47' title='bbox 997 1296 1202 1357; x_wconf 74' lang='lat' dir='ltr'>Viennensis.</span> 
     </span>
    </p>
   </div>
   <div class='ocr_carea' id='block_1_4' title="bbox 546 1510 899 1586">
    <p class='ocr_par' dir='ltr' id='par_1_6' title="bbox 546 1510 899 1586">
     <span class='ocr_line' id='line_1_13' title="bbox 546 1510 899 1586; baseline 0.003 -17"><span class='ocrx_word' id='word_1_48' title='bbox 546 1510 899 1586; x_wconf 74' lang='lat' dir='ltr'>adspensnn</span> 
     </span>
    </p>
   </div>
   <div class='ocr_carea' id='block_1_5' title="bbox 238 1675 1204 2857">
    <p class='ocr_par' dir='ltr' id='par_1_7' title="bbox 238 1675 1204 2218">
     <span class='ocr_line' id='line_1_14' title="bbox 303 1675 1200 1755; baseline -0.002 -19"><span class='ocrx_word' id='word_1_49' title='bbox 303 1676 524 1736; x_wconf 86' lang='lat' dir='ltr'>Sanctissimus</span> <span class='ocrx_word' id='word_1_50' title='bbox 538 1679 575 1737; x_wconf 86' lang='lat' dir='ltr'>D.</span> <span class='ocrx_word' id='word_1_51' title='bbox 589 1677 629 1737; x_wconf 88' lang='lat' dir='ltr'>N.</span> <span class='ocrx_word' id='word_1_52' title='bbox 644 1677 719 1737; x_wconf 90' lang='lat' dir='ltr'>Pius</span> <span class='ocrx_word' id='word_1_53' title='bbox 733 1679 841 1739; x_wconf 85' lang='lat' dir='ltr'>divina</span> <span class='ocrx_word' id='word_1_54' title='bbox 856 1675 1057 1755; x_wconf 86' lang='lat' dir='ltr'>providentia</span> <span class='ocrx_word' id='word_1_55' title='bbox 1070 1675 1200 1735; x_wconf 90' lang='lat' dir='ltr'>PP.V1.</span> 
     </span>
     <span class='ocr_line' id='line_1_15' title="bbox 241 1765 1202 1849; baseline 0 -21"><span class='ocrx_word' id='word_1_56' title='bbox 241 1771 279 1829; x_wconf 90' lang='lat' dir='ltr'>de</span> <span class='ocrx_word' id='word_1_57' title='bbox 300 1769 431 1828; x_wconf 85' lang='lat' dir='ltr'>consilio</span> <span class='ocrx_word' id='word_1_58' title='bbox 444 1770 578 1830; x_wconf 75' lang='lat' dir='ltr'>selectae</span> <span class='ocrx_word' id='word_1_59' title='bbox 589 1765 807 1832; x_wconf 72' lang='lat' dir='ltr'>cardinalium</span> <span class='ocrx_word' id='word_1_60' title='bbox 818 1769 1089 1849; x_wconf 83' lang='lat' dir='ltr'>Congregationis,</span> <span class='ocrx_word' id='word_1_61' title='bbox 1103 1769 1202 1846; x_wconf 88' lang='lat' dir='ltr'>quoad</span> 
     </span>
     <span class='ocr_line' id='line_1_16' title="bbox 239 1863 1204 1940; baseline -0.001 -19"><span class='ocrx_word' id='word_1_62' title='bbox 239 1863 372 1940; x_wconf 87' lang='lat' dir='ltr'>primam</span> <span class='ocrx_word' id='word_1_63' title='bbox 385 1866 505 1938; x_wconf 84' lang='lat' dir='ltr'>partem</span> <span class='ocrx_word' id='word_1_64' title='bbox 519 1863 670 1940; x_wconf 86' lang='lat' dir='ltr'>propositi</span> <span class='ocrx_word' id='word_1_65' title='bbox 684 1865 771 1924; x_wconf 92' lang='lat' dir='ltr'>dubii</span> <span class='ocrx_word' id='word_1_66' title='bbox 786 1865 1018 1924; x_wconf 85' lang='lat' dir='ltr'>rescribendum</span> <span class='ocrx_word' id='word_1_67' title='bbox 1033 1880 1101 1922; x_wconf 89' lang='lat' dir='ltr'>esse</span> <span class='ocrx_word' id='word_1_68' title='bbox 1114 1879 1204 1921; x_wconf 86' lang='lat' dir='ltr'>man·</span> 
     </span>
     <span class='ocr_line' id='line_1_17' title="bbox 239 1955 1199 2028; baseline -0.001 -12"><span class='ocrx_word' id='word_1_69' title='bbox 239 1955 341 2023; x_wconf 82' lang='lat' dir='ltr'>davit,</span> <span class='ocrx_word' id='word_1_70' title='bbox 363 1957 548 2015; x_wconf 85' lang='lat' dir='ltr'>servandam</span> <span class='ocrx_word' id='word_1_71' title='bbox 569 1974 637 2016; x_wconf 89' lang='lat' dir='ltr'>esse</span> <span class='ocrx_word' id='word_1_72' title='bbox 651 1957 915 2017; x_wconf 74' lang='lat' dir='ltr'>constitutionem</span> <span class='ocrx_word' id='word_1_73' title='bbox 929 1956 1092 2018; x_wconf 88' lang='lat' dir='ltr'>Benedicti</span> <span class='ocrx_word' id='word_1_74' title='bbox 1111 1955 1199 2028; x_wconf 88' lang='lat' dir='ltr'>XIV,</span> 
     </span>
     <span class='ocr_line' id='line_1_18' title="bbox 238 2048 1200 2127; baseline -0.001 -18"><span class='ocrx_word' id='word_1_75' title='bbox 238 2049 326 2110; x_wconf 88' lang='lat' dir='ltr'>cuins</span> <span class='ocrx_word' id='word_1_76' title='bbox 341 2049 466 2108; x_wconf 86' lang='lat' dir='ltr'>initium</span> <span class='ocrx_word' id='word_1_77' title='bbox 483 2050 547 2108; x_wconf 80' lang='lat' dir='ltr'>Viae</span> <span class='ocrx_word' id='word_1_78' title='bbox 556 2053 708 2127; x_wconf 78' lang='lat' dir='ltr'>pervenit</span> <span class='ocrx_word' id='word_1_79' title='bbox 723 2052 771 2111; x_wconf 90' lang='lat' dir='ltr'>die</span> <span class='ocrx_word' id='word_1_80' title='bbox 787 2051 804 2110; x_wconf 94' lang='lat' dir='ltr'>l</span> <span class='ocrx_word' id='word_1_81' title='bbox 820 2051 1010 2113; x_wconf 83' lang='lat' dir='ltr'>Novembris</span> <span class='ocrx_word' id='word_1_82' title='bbox 1029 2049 1105 2110; x_wconf 84' lang='lat' dir='ltr'>enni</span> <span class='ocrx_word' id='word_1_83' title='bbox 1121 2048 1200 2109; x_wconf 80' lang='lat'>1745</span> 
     </span>
     <span class='ocr_line' id='line_1_19' title="bbox 241 2142 490 2218; baseline -0.004 -16"><span class='ocrx_word' id='word_1_84' title='bbox 241 2143 271 2218; x_wconf 70' lang='lat'>§-</span> <span class='ocrx_word' id='word_1_85' title='bbox 288 2143 319 2202; x_wconf 89' lang='lat'>3.</span> <span class='ocrx_word' id='word_1_86' title='bbox 337 2161 422 2201; x_wconf 87' lang='lat' dir='ltr'>num.</span> <span class='ocrx_word' id='word_1_87' title='bbox 441 2142 490 2202; x_wconf 94' lang='lat' dir='ltr'>ll.</span> 
     </span>
    </p>

    <p class='ocr_par' dir='ltr' id='par_1_8' title="bbox 238 2235 1203 2682">
     <span class='ocr_line' id='line_1_20' title="bbox 300 2235 1202 2314; baseline 0 -21"><span class='ocrx_word' id='word_1_88' title='bbox 300 2235 404 2302; x_wconf 88' lang='lat' dir='ltr'>Quoad</span> <span class='ocrx_word' id='word_1_89' title='bbox 432 2237 597 2296; x_wconf 80' lang='lat' dir='ltr'>secundam</span> <span class='ocrx_word' id='word_1_90' title='bbox 622 2254 699 2297; x_wconf 85' lang='lat' dir='ltr'>vero</span> <span class='ocrx_word' id='word_1_91' title='bbox 723 2241 846 2314; x_wconf 84' lang='lat' dir='ltr'>partem</span> <span class='ocrx_word' id='word_1_92' title='bbox 871 2235 956 2296; x_wconf 89' lang='lat' dir='ltr'>dubii</span> <span class='ocrx_word' id='word_1_93' title='bbox 977 2235 1130 2312; x_wconf 87' lang='lat' dir='ltr'>propositi</span> <span class='ocrx_word' id='word_1_94' title='bbox 1152 2251 1202 2293; x_wconf 90' lang='lat' dir='ltr'>re-</span> 
     </span>
     <span class='ocr_line' id='line_1_21' title="bbox 239 2327 1199 2405; baseline -0.001 -18"><span class='ocrx_word' id='word_1_95' title='bbox 239 2327 433 2387; x_wconf 88' lang='lat' dir='ltr'>scribendum</span> <span class='ocrx_word' id='word_1_96' title='bbox 455 2346 521 2388; x_wconf 86' lang='lat' dir='ltr'>esse</span> <span class='ocrx_word' id='word_1_97' title='bbox 543 2331 716 2403; x_wconf 87' lang='lat' dir='ltr'>mandavit,</span> <span class='ocrx_word' id='word_1_98' title='bbox 733 2331 920 2391; x_wconf 87' lang='lat' dir='ltr'>servandam</span> <span class='ocrx_word' id='word_1_99' title='bbox 943 2347 1010 2388; x_wconf 86' lang='lat' dir='ltr'>esse</span> <span class='ocrx_word' id='word_1_100' title='bbox 1031 2328 1199 2405; x_wconf 87' lang='lat' dir='ltr'>epistolam</span> 
     </span>
     <span class='ocr_line' id='line_1_22' title="bbox 239 2420 1203 2496; baseline 0.003 -19"><span class='ocrx_word' id='word_1_101' title='bbox 239 2420 429 2496; x_wconf 78' lang='lat' dir='ltr'>encyclicam</span> <span class='ocrx_word' id='word_1_102' title='bbox 450 2421 588 2481; x_wconf 85' lang='lat' dir='ltr'>eiusdem</span> <span class='ocrx_word' id='word_1_103' title='bbox 601 2423 763 2483; x_wconf 86' lang='lat' dir='ltr'>Benedicti</span> <span class='ocrx_word' id='word_1_104' title='bbox 777 2425 853 2487; x_wconf 88' lang='lat' dir='ltr'>XIV</span> <span class='ocrx_word' id='word_1_105' title='bbox 874 2425 913 2484; x_wconf 88' lang='lat' dir='ltr'>ad</span> <span class='ocrx_word' id='word_1_106' title='bbox 934 2441 1040 2482; x_wconf 88' lang='lat' dir='ltr'>omnes</span> <span class='ocrx_word' id='word_1_107' title='bbox 1054 2421 1203 2482; x_wconf 82' lang='lat' dir='ltr'>Patrier-</span> 
     </span>
     <span class='ocr_line' id='line_1_23' title="bbox 238 2512 1201 2594; baseline 0.002 -24"><span class='ocrx_word' id='word_1_108' title='bbox 238 2513 329 2585; x_wconf 83' lang='lat' dir='ltr'>ciras,</span> <span class='ocrx_word' id='word_1_109' title='bbox 352 2512 608 2592; x_wconf 84' lang='lat' dir='ltr'>Archiepiscopos</span> <span class='ocrx_word' id='word_1_110' title='bbox 629 2521 662 2576; x_wconf 90' lang='lat' dir='ltr'>et</span> <span class='ocrx_word' id='word_1_111' title='bbox 682 2516 850 2594; x_wconf 84' lang='lat' dir='ltr'>Episcopos</span> <span class='ocrx_word' id='word_1_112' title='bbox 873 2516 935 2576; x_wconf 91' lang='lat' dir='ltr'>diei</span> <span class='ocrx_word' id='word_1_113' title='bbox 955 2517 995 2578; x_wconf 79' lang='lat'>26</span> <span class='ocrx_word' id='word_1_114' title='bbox 1017 2515 1098 2576; x_wconf 89' lang='lat' dir='ltr'>lunii</span> <span class='ocrx_word' id='word_1_115' title='bbox 1125 2513 1201 2575; x_wconf 85' lang='lat' dir='ltr'>annl</span> 
     </span>
     <span class='ocr_line' id='line_1_24' title="bbox 239 2605 546 2682; baseline 0.007 -16"><span class='ocrx_word' id='word_1_116' title='bbox 239 2605 318 2666; x_wconf 84' lang='grc'>1749</span> <span class='ocrx_word' id='word_1_117' title='bbox 330 2605 380 2682; x_wconf 65' lang='grc' dir='ltr'>ἐξ.</span> <span class='ocrx_word' id='word_1_118' title='bbox 397 2607 434 2667; x_wconf 86' lang='grc'>19</span> <span class='ocrx_word' id='word_1_119' title='bbox 448 2611 481 2667; x_wconf 94' lang='lat' dir='ltr'>et</span> <span class='ocrx_word' id='word_1_120' title='bbox 496 2609 546 2668; x_wconf 77' lang='lat'>20.</span> 
     </span>
    </p>

    <p class='ocr_par' dir='ltr' id='par_1_9' title="bbox 239 2701 1202 2857">
     <span class='ocr_line' id='line_1_25' title="bbox 297 2701 1202 2782; baseline 0.001 -23"><span class='ocrx_word' id='word_1_121' title='bbox 297 2701 346 2759; x_wconf 80' lang='lat' dir='ltr'>Ex</span> <span class='ocrx_word' id='word_1_122' title='bbox 373 2701 510 2762; x_wconf 83' lang='lat' dir='ltr'>Aedibus</span> <span class='ocrx_word' id='word_1_123' title='bbox 537 2703 753 2771; x_wconf 86' lang='lat' dir='ltr'>Quirinalibus</span> <span class='ocrx_word' id='word_1_124' title='bbox 785 2703 835 2764; x_wconf 92' lang='lat' dir='ltr'>die</span> <span class='ocrx_word' id='word_1_125' title='bbox 866 2705 927 2765; x_wconf 91' lang='lat' dir='ltr'>XII</span> <span class='ocrx_word' id='word_1_126' title='bbox 956 2702 1093 2782; x_wconf 79' lang='lat' dir='ltr'>Augusti</span> <span class='ocrx_word' id='word_1_127' title='bbox 1125 2701 1202 2762; x_wconf 81' lang='lat' dir='ltr'>enni</span> 
     </span>
     <span class='ocr_line' id='line_1_26' title="bbox 239 2793 918 2857; baseline -0.006 -3"><span class='ocrx_word' id='word_1_128' title='bbox 239 2793 443 2857; x_wconf 81' lang='lat' dir='ltr'>Mnuoxuv.</span> <span class='ocrx_word' id='word_1_129' title='bbox 914 2838 918 2850; x_wconf 93' lang='lat'><strong>.</strong></span> 
     </span>
    </p>
   </div>
   <div class='ocr_carea' id='block_1_6' title="bbox 592 2962 1113 3024">
    <p class='ocr_par' dir='ltr' id='par_1_10' title="bbox 592 2962 1113 3024">
     <span class='ocr_line' id='line_1_27' title="bbox 592 2962 1113 3024; baseline 0.006 -4"><span class='ocrx_word' id='word_1_130' title='bbox 592 2963 631 3023; x_wconf 77' lang='lat' dir='ltr'>F.</span> <span class='ocrx_word' id='word_1_131' title='bbox 648 2965 689 3023; x_wconf 84' lang='lat' dir='ltr'>X.</span> <span class='ocrx_word' id='word_1_132' title='bbox 708 2962 898 3024; x_wconf 77' lang='lat' dir='ltr'>cardinalis</span> <span class='ocrx_word' id='word_1_133' title='bbox 918 2965 957 3024; x_wconf 87' lang='lat' dir='ltr'>de</span> <span class='ocrx_word' id='word_1_134' title='bbox 976 2965 1113 3024; x_wconf 80' lang='lat' dir='ltr'>Zelada.</span> 
     </span>
    </p>
   </div>
   <div class='ocr_carea' id='block_1_7' title="bbox 0 0 1308 4268">
    <p class='ocr_par' dir='ltr' id='par_1_11' title="bbox 0 0 1308 4268">
     <span class='ocr_line' id='line_1_28' title="bbox 0 0 1308 4268; baseline 0 2"><span class='ocrx_word' id='word_1_135' title='bbox 0 0 1308 4268; x_wconf 95' lang='lat' dir='ltr'> </span> 
     </span>
    </p>
   </div>
  </div>
 </body>
</html>
