2606 4268
441 275 622 336 -153-

418 427 626 530 &unu

426 566 555 610 offidaro
576 528 658 610 uliae

297 707 774 800 winnnn100

326 877 484 955 Episcopo
493 881 589 938 electo
600 877 759 955 Spirensi·
839 887 852 899 ”

232 1043 711 1124 PIUSPAPA
768 1045 860 1123 Ἧι

175 1248 313 1307 Dilecta
330 1249 413 1320 rm,
434 1250 585 1308 'mutem
607 1253 643 1308 et
662 1249 898 1319 apostolicam

387 1343 686 1448 Benedictionem.
945 1349 946 1354 ’

113 1497 308 1572 Pergratum
328 1496 426 1557 Nobis
453 1497 584 1558 litterae
611 1501 684 1556 tuae
705 1497 738 1556 iu
759 1497 817 1556 ha'c
843 1499 1018 1571 temporum

49 1587 230 1665 asperitate
252 1587 457 1650 iucunditatis
478 1589 616 1650 fructum
639 1589 831 1661 attulerunt,
854 1587 886 1648 in
908 1587 1019 1664 quibus

49 1681 220 1760 egregium
236 1685 308 1742 tuae
323 1683 354 1741 in
367 1684 431 1744 Nos
445 1687 538 1761 atque
552 1684 584 1742 in
600 1686 680 1747 hanc
693 1683 897 1761 apostolicam
908 1682 1020 1742 Sedem

51 1775 275 1838 observantiae
297 1777 451 1852 specimen
471 1778 697 1854 perspeximus,
713 1777 865 1854 simulque
887 1774 1021 1851 diligen·

51 1872 107 1928 ter
129 1887 167 1928 ac
192 1868 327 1928 dilucide
355 1869 532 1946 expositum
554 1888 573 1929 a
595 1874 627 1930 te
648 1869 846 1946 accepimus,
873 1869 954 1944 quod
978 1884 1020 1930 ex

50 1961 154 2042 Brevi
168 1963 283 2024 Nostro
305 1962 354 2022 die
376 1969 490 2040 quarta
504 1964 587 2024 Iunii
609 1963 781 2040 superioris
795 1962 869 2022 anni
885 1965 958 2022 dato
980 1961 1020 2022 ad

51 2057 137 2114 Ven.
160 2055 308 2116 Fratrem
329 2057 507 2134 Angustum
536 2056 721 2134 Episcopum
750 2057 1020 2132 praedecessorem

53 2151 150 2208 tuum
171 2150 209 2206 de
230 2149 366 2210 adducta
386 2149 418 2208 in
441 2149 569 2210 dubium
590 2149 707 2210 aloisii
734 2147 865 2209 Linderi
895 2147 1021 2208 ordina·

53 2242 144 2300 tione
165 2239 386 2317 inquirendum
406 2245 579 2319 supererat,
596 2240 718 2318 utquid
743 2241 827 2300 facto
842 2259 919 2318 opus
937 2241 1021 2299 esset

52 2335 250 2396 auctoritate
271 2335 453 2412 Apostolica
478 2337 725 2396 decerneremus.
750 2334 882 2396 Scilicet
906 2334 962 2395 ille
981 2334 1020 2392 ad
1085 2358 1086 2362 ¹

53 2429 120 2488 Nos
143 2428 313 2500 retulerat,
329 2428 483 2489 Alcisium
498 2430 669 2490 Linderum
691 2433 891 2506 posteaquam
914 2425 1021 2504 pravis

54 2520 199 2580 consiliis
212 2521 358 2582 inductus
372 2541 389 2582 e
403 2522 544 2598 Spirensi
558 2521 732 2582 Seminarlo
747 2522 779 2582 in
792 2521 1022 2598 Argentinenae

53 2631 89 2673 se
111 2613 320 2686 contulisset,
342 2615 446 2692 ibique
474 2633 493 2674 a
520 2614 681 2676 Brindelio
703 2615 735 2674 in
757 2631 825 2674 eam
847 2612 1021 2674 Ecclesiam

54 2707 184 2768 intruso
203 2705 355 2783 Episcopo
369 2707 408 2768 ad
424 2709 490 2766 tres
504 2707 636 2766 Ordines
655 2705 832 2784 superiores
847 2707 1019 2782 promotus,
1095 2722 1097 2730 ’

54 2798 197 2858 eiusdem
212 2798 307 2858 etiam
331 2803 408 2858 nutu
430 2802 463 2858 et
484 2799 649 2860 voluntate
671 2799 846 2858 animarum
864 2813 973 2856 curam
987 2795 1020 2856 in

56 2889 159 2950 variis
173 2890 330 2968 Spirensis
343 2891 491 2950 dioecesis
506 2891 583 2950 locis
604 2890 809 2961 exercuisset,
824 2889 1021 2964 postmodnm

56 2984 161 3044 divini
176 2984 323 3046 Numinis
334 2985 516 3062 adspirante
531 2985 637 3062 gratia
658 2984 690 3042 in
712 3002 744 3042 sc
765 2997 940 3054 reversum,
954 2997 1023 3040 sese

56 3078 178 3138 iterum
202 3077 234 3136 in
256 3077 425 3154 pristinum
446 3078 593 3155 Spirense
615 3077 825 3138 Seminarium
853 3075 1021 3152 recepisse,

56 3170 202 3247 nihilque
223 3189 305 3232 nuno
326 3171 426 3248 magis
447 3172 478 3230 in
500 3171 584 3232 votis
605 3172 732 3243 habere,
747 3188 838 3248 quam
861 3174 897 3230 ut
916 3169 1024 3230 Eccle-

56 3263 124 3324 siae
138 3263 364 3326 reccnciliatus
377 3265 409 3322 in
424 3264 510 3326 clero
525 3281 709 3340 permanere
723 3263 841 3324 valeat.

97 3358 167 3424 Qua
187 3355 220 3414 in
242 3373 277 3430 re
297 3357 357 3414 duo
377 3357 619 3418 considerationi
638 3357 771 3418 Nostrae
793 3355 951 3434 proposita
971 3355 1023 3420 in-

59 3447 256 3522 telleximus;
273 3466 367 3520 unum
382 3450 460 3525 quod
483 3449 602 3509 attinet
622 3450 659 3510 ad
683 3448 871 3526 gravissima
891 3448 1021 3519 scelera,

58 3543 172 3620 quibus
193 3560 226 3603 se
241 3540 402 3603 *Linderus
423 3541 597 3602 adstrinxit
618 3541 884 3626 sacrilegaencum
899 3542 1024 3604 ordina·
