2582 4270
629 229 788 290 ..40-

224 336 286 394 Deo
309 336 450 412 gratias,
477 339 556 414 quod
584 338 673 399 illius
695 339 890 417 benignitate
914 339 952 397 ab
980 336 1194 396 infestissimis
1287 366 1288 371 1

225 427 368 489 hostibus
388 430 517 490 liberati
539 432 628 506 estis,
650 431 757 509 quiin
780 451 835 492 vos
857 432 995 492 maxima
1015 429 1195 490 munitissi-

224 539 336 598 maque
356 523 466 598 classe,
483 543 518 584 ac
539 524 716 586 incredibili
737 527 912 588 animorum
934 524 1073 598 vesania,
1089 542 1194 585 armo·

225 633 357 692 rumque
377 617 483 678 furora
511 619 686 681 irruebant.
709 623 872 698 Agebatur
893 622 931 680 de
952 620 1113 698 eripienda
1134 635 1194 695 per

226 708 291 767 vim
312 711 428 786 optimo
449 712 517 789 regi
540 713 732 775 clarissimae
761 714 853 774 istius
882 713 1003 774 insulae
1024 711 1195 790 possessio·

226 819 277 875 ne,
293 806 434 882 quodque
455 807 554 884 magis
575 813 635 882 est,
651 811 689 868 de
710 810 864 870 catholica
885 808 1050 885 religione,
1067 809 1192 882 Deoque

226 895 293 972 ipso
314 898 486 958 exanimis
508 901 666 960 bominum
685 903 810 978 penitus
832 901 1004 960 evellendo.
1022 899 1099 966 Quid
1122 905 1192 960 tum

226 989 293 1065 ipse
314 990 436 1066 egeris,
459 993 531 1068 quid
555 998 618 1054 tam
648 995 816 1055 saecularis
838 1013 929 1071 quam
951 994 1108 1071 regularis
1129 993 1194 1052 iste

227 1085 342 1159 clerus,
358 1091 504 1162 quantam
526 1089 638 1164 populo
659 1089 691 1146 in
714 1092 810 1149 Deum
832 1089 941 1160 fidem,
963 1091 1112 1164 quantum
1134 1104 1196 1145 ar-

229 1180 337 1238 dorem
359 1181 396 1237 ad
419 1180 614 1256 imploranda
636 1183 743 1242 divina
771 1182 928 1260 praesidia
948 1184 1003 1242 tuo
1024 1180 1192 1256 exemplo,

227 1272 291 1332 tuis
306 1271 503 1332 concionibus
524 1273 680 1348 inieceris‚
697 1277 806 1334 notum
822 1277 1077 1352 perspectumque
1093 1272 1197 1330 omni-

227 1366 284 1426 bus
305 1370 366 1438 cst,
393 1384 428 1425 ac
449 1384 488 1424 ex
510 1365 630 1426 illustri
657 1370 819 1444 reportata
839 1385 895 1444 per
915 1367 1081 1426 caelestem
1102 1381 1194 1440 opem

227 1459 364 1520 victoria
384 1459 613 1519 confirmatum.
631 1461 743 1520 Omnes
765 1459 899 1519 mirifica
913 1465 946 1520 et
967 1460 1007 1524 in,
1020 1462 1117 1519 Deum
1139 1476 1194 1516 su·

227 1570 377 1630 porosque
406 1553 545 1629 pietate,
568 1555 601 1611 et
622 1554 653 1611 in
675 1553 923 1613 amantissimum
952 1571 1056 1630 regem
1085 1552 1194 1610 studio

227 1646 383 1718 roborati,
399 1647 499 1722 magis
520 1646 675 1722 precibus,
692 1649 805 1723 ac‘per
821 1647 938 1722 templa
958 1645 1196 1722 supplicationi-

227 1741 296 1812 bus,
312 1757 403 1815 quam
425 1741 489 1798 suis
512 1741 632 1799 viribus
654 1759 768 1816 suaque
791 1741 913 1799 virtuto
935 1741 1042 1799 confisi
1064 1745 1195 1799 strenue

229 1832 477 1908 proeliabantur3
494 1833 574 1890 unde
589 1834 706 1908 accepti
721 1833 875 1892 referendi
899 1837 972 1892 sunt
994 1833 1117 1891 divinae
1139 1849 1198 1907 po·

229 1925 367 2000 tentiae,
393 1943 428 1984 ac
450 1943 594 2001 superum
615 1926 789 2002 patrocinio
817 1927 940 1986 fructus
962 1925 1011 1985 illi
1038 1924 1193 1996 maximi3

227 2015 331 2076 fracta
344 2017 504 2090 nimirum,
520 2035 555 2076 ac
570 2017 699 2093 depulsa
713 2022 898 2094 praepotens
917 2017 1054 2077 hostium
1069 2016 1192 2088 classis,

173 2159 176 2165 -
228 2132 421 2192 regnumque
443 2115 509 2174 sine
532 2115 596 2175 ullo
618 2134 694 2193 pene
716 2118 828 2175 damno
850 2116 1055 2187 vindicatum,
1079 2119 1113 2173 ut
1135 2133 1196 2173 vos

228 2207 288 2284 ipsi
310 2214 412 2286 grat0‚
435 2227 571 2286 veroque
593 2209 772 2268 testimonio
794 2208 1000 2284 praedicatis,
1029 2227 1065 2268 ac
1086 2207 1196 2284 populi

229 2299 383 2360 invictum
405 2302 567 2374 ardorem,
590 2301 704 2360 mirum
726 2301 937 2378 periculorum
966 2304 1193 2378 contemptum,

229 2393 318 2452 acin
340 2395 562 2470 propugnando
583 2395 794 2466 alacritatem,
810 2395 1032 2467 constantiam,
1048 2401 1081 2454 et
1102 2394 1197 2454 lorti-

229 2487 370 2546 tudinem
392 2507 432 2548 ex
452 2488 508 2548 1110
529 2490 671 2550 haustam
692 2489 877 2549 clementiae
899 2489 997 2561 fonte,
1013 2489 1113 2548 eidem
1134 2488 1197 2546 tri-

228 2581 381 2640 buendam
402 2601 468 2641 esse
489 2583 669 2660 agnoscitis.
687 2583 801 2658 Igitur,
824 2601 893 2642 cum
915 2601 971 2642 vos
992 2583 1039 2642 ita
1061 2584 1195 2642 univer·

229 2673 288 2732 sim
320 2683 514 2752 comparatos
545 2696 585 2736 ex
605 2677 724 2736 litteris
757 2677 820 2734 tuis
849 2677 1030 2749 videamus,
1056 2676 1194 2744 uitale,

229 2770 412 2846 tantumque
435 2769 615 2830 beneficium
638 2774 729 2830 aucto
751 2770 856 2829 divino
878 2769 967 2830 cultu
988 2771 1099 2847 magis,
1122 2787 1196 2828 ma-

231 2860 338 2937 gisque
359 2863 392 2921 in
414 2863 549 2922 omnium
572 2864 683 2922 animis
705 2862 837 2920 infixum
859 2863 918 2934 sit,
941 2881 977 2921 ac
1002 2863 1196 2938 sempiterna

229 2955 267 3012 ad
290 2957 429 3030 posteros
450 2957 599 3015 memoria
613 2955 840 3028 transmissum,
857 2955 1006 3014 maiorem
1021 2955 1053 3012 in
1068 2956 1194 3014 modum

230 3047 446 3122 amplificastis
461 3049 618 3108 laetitiam
634 3051 671 3107 de
686 3047 775 3106 vobis
792 3049 953 3120 Nostram,
970 3051 1063 3124 atque
1078 3047 1196 3108 idcirco

230 3139 267 3200 ad
289 3141 509 3218 indulgendam
531 3142 619 3200 vobis
640 3140 828 3218 apostolicae
851 3141 939 3200 Sedis
962 3141 1114 3218 gratiam,
1129 3143 1197 3201 Nos

230 3233 290 3292 etsi
311 3240 419 3312 sponte
434 3254 614 3314 propensos,
631 3240 739 3296 vestra
759 3240 863 3295 tamen
879 3235 972 3311 plana
992 3235 1120 3312 pietatis
1141 3253 1199 3312 po·

231 3326 401 3388 stulationo
423 3329 652 3390 inflammastis.
668 3331 789 3406 Itaque,
805 3346 874 3387 cum
890 3347 996 3388 omnes
1011 3329 1043 3387 in
1058 3329 1114 3388 illo
1129 3329 1196 3405 pri·

230 3422 387 3495 ratarum,
400 3423 654 3500 publicarumque
669 3439 775 3482 rerum
786 3421 979 3495 discrimine,
994 3423 1195 3499 praecipuam

229 3513 261 3570 in
277 3515 309 3573 S.
326 3516 470 3594 Martyrc
484 3515 633 3595 Ephysio,
650 3515 805 3589 civitatis,
818 3516 977 3594 totiusque
992 3517 1196 3578 calaritanae
