2582 4270
458 226 618 286 ..59-

50 329 221 406 smaticos,
242 336 274 392 et
296 333 473 394 schismatis
500 335 700 411 haeresisque
722 333 881 405 fautores,
902 349 1021 392 necnon

50 421 206 495 intrusos,
229 426 364 503 adeoque
385 445 445 487 non
467 427 691 501 absolvendos,
714 427 774 486 nisi
796 427 884 503 prius
913 427 1023 486 damno

50 514 145 576 illato
168 518 327 592 Ecclesiae
356 520 483 598 eiusque
504 521 662 582 ministris
690 519 813 598 publice
835 523 868 579 et
888 535 1023 596 congrue

50 615 221 686 reparato,
247 613 379 690 aliisque
401 615 629 676 conditionibus
658 613 795 676 servatis
820 612 1023 691 praescriptis

50 704 84 762 in
107 705 261 780 praefatis
282 707 403 768 litteris
424 709 615 787 apostolicis.

113 799 268 876 Sequitur
295 805 428 864 secunda
455 803 617 864 dubiorum
640 801 759 863 classis.
786 802 852 868 Qua
872 800 949 860 item
970 817 1023 859 ra·
1101 873 1104 877 .

50 891 143 951 tione
166 910 233 952 sese
255 911 365 970 gerere
387 895 521 956 debeant
547 896 697 958 Pastores
718 895 749 954 in
772 895 897 972 publica
918 911 1023 954 sacra·

48 991 232 1048 mentorum
244 989 528 1066 administratione,
538 994 572 1052 et
585 991 759 1052 christiana
770 991 933 1067 sepultura
945 1005 1021 1065 erga

49 1079 163 1142 laicos.

112 1179 138 1237 1.
156 1178 217 1244 Qui
238 1195 369 1256 reguum
391 1180 570 1240 schismatis
590 1183 623 1239 et
637 1179 776 1241 haeresis
791 1177 935 1240 stabilire
957 1192 1022 1235 scr·

49 1271 210 1344 monibus,
227 1272 366 1349 scriptis,
382 1273 503 1334 actibus
525 1273 672 1350 publicis,
695 1272 789 1349 impie
811 1275 844 1331 et
865 1271 926 1348 ipsi
948 1287 1022 1328 con-

48 1365 236 1436 tenderunt,
259 1366 367 1425 fideles
388 1367 560 1427 catholicos
582 1367 760 1426 scandaloso
775 1369 849 1426 sunt
862 1363 1020 1436 insectati,

49 1457 255 1535 divinamque
279 1459 399 1520 Christi
425 1460 609 1538 religionem
637 1460 775 1521 ostentui
802 1459 917 1518 habere
950 1457 1022 1534 glo-

46 1550 126 1611 riuti
150 1555 235 1613 sunt.

110 1647 152 1706 R.
169 1648 217 1706 Ad
240 1648 368 1708 dubium
382 1651 407 1709 1.
423 1649 534 1709 Laicos
556 1650 592 1708 de
608 1648 720 1724 quibus
741 1647 850 1724 agitur
864 1661 930 1705 esse
944 1645 1020 1704 hae·

48 1739 179 1812 reticos,
195 1745 288 1818 atque
310 1743 447 1804 haeresis
470 1747 503 1802 et
524 1741 701 1838 schismatis
723 1743 964 1818 propagatores,
988 1740 1021 1798 et

47 1833 277 1894 catholicorum
300 1839 525 1913 persecutores,
542 1838 678 1912 adeoque
701 1835 872 1895 incurrisse
894 1833 925 1892 in
949 1850 1019 1909 poe·

48 1945 106 1986 nas
120 1945 141 1986 a
154 1927 223 1988 iure
239 1932 387 2002 statutae,
400 1949 456 1990 neo
471 1930 686 2001 absolvendos,
708 1946 763 1988 nec
784 1929 821 1987 ad
844 1944 1020 1988 sacramen·

47 2025 85 2080 ta
110 2025 144 2081 et
164 2022 358 2099 sepulturam
373 2024 617 2084 ecclesiasticam
640 2021 863 2094 admittendos,
880 2019 940 2080 nisi
961 2037 1020 2096 pn-

46 2113 134 2172 blico
149 2115 294 2176 scandalo
316 2117 439 2193 publice
454 2119 486 2176 et
499 2135 560 2192 quo
574 2114 699 2175 meliori
713 2114 783 2173 fieri
798 2116 903 2192 potest
917 2113 1016 2183 modo,

47 2211 211 2283 reparato.

109 2301 150 2360 II.
168 2302 226 2368 Qui
249 2302 458 2364 divortiorum
485 2304 608 2380 legibus
630 2303 723 2374 freti,
748 2303 979 2378 impetrataque
1000 2318 1019 2360 a

46 2394 242 2472 magistratu
264 2397 434 2469 sententia,
450 2402 653 2475 compartem,
669 2397 757 2474 quasi
772 2395 928 2472 coniugali
951 2394 1020 2454 vin·

46 2489 119 2548 culo
135 2489 244 2564 soluti,
260 2491 470 2568 reliquerunt,
483 2491 550 2550 sive
562 2509 659 2552 novas
675 2489 800 2566 nuptias
812 2487 1017 2560 attentarint,

47 2599 118 2641 sive
139 2601 212 2643 non.

109 2677 149 2736 R.
166 2679 214 2736 Ad
237 2679 364 2738 dubium
386 2681 426 2740 ΙΙ.
443 2681 503 2739 Eos
525 2682 562 2740 de
583 2680 694 2757 quibus
715 2679 837 2756 agitur,
854 2677 1018 2736 adversari

47 2770 211 2830 doctrinae
232 2772 391 2833 Ecclesiae
412 2774 450 2832 de
465 2773 737 2835 matrimoniorum
759 2769 1019 2831 indissolubilite-

46 2866 90 2937 te‚
107 2865 245 2941 adeoque
266 2883 326 2926 non
348 2885 414 2926 esse
434 2853 652 2937 absolvendos,
675 2885 732 2926 nec
752 2868 790 2925 ad
811 2865 1017 2935 sacramenta,

47 2959 99 3018 vel
121 2959 365 3020 ecclesiasticam
388 2961 582 3038 sepulturam
604 2961 827 3032 admittendos,
849 2958 909 3017 nisi
931 2973 1019 3017 erro·

46 3069 125 3125 rem,
143 3055 181 3112 ut
194 3069 252 3130 par
266 3057 327 3126 est,
343 3055 480 3128 eiurant,
495 3061 528 3115 et
548 3057 586 3115 ad
601 3054 780 3132 legitimum
802 3053 934 3112 redeant
948 3070 1019 3112 oon·

47 3145 193 3218 sortium,
210 3147 337 3209 dimissa
357 3147 421 3209 alia
441 3148 590 3226 coniuge,
611 3151 764 3226 quatenus
786 3147 865 3208 alias
892 3146 1018 3222 nuptias

47 3238 128 3298 inire
149 3241 355 3301 attentarint.

106 3334 164 3392 ΙΙΙ.
181 3332 242 3399 Qui
263 3333 369 3394 irritis
390 3334 482 3411 plane
503 3333 715 3396 matrimoniis
736 3333 850 3407 iuncti,
872 3333 905 3390 in
927 3331 1014 3392 adul-

48 3425 152 3485 terino
175 3426 227 3485 vel
249 3425 420 3488 fornicario
443 3427 555 3488 saltem
578 3434 785 3506 perseverant
806 3425 972 3488 consortio.

104 3521 144 3581 R.
163 3520 211 3578 Ad
234 3519 361 3581 dubium
383 3521 437 3581 III.
454 3523 513 3582 Eos
534 3521 587 3598 qui
608 3521 711 3581 irritis
741 3521 833 3598 plane
854 3519 1016 3580 matrimo-
