2606 4268
713 340 752 352 -
773 307 814 368 70
834 339 871 352 -

309 414 511 492 apostolicam
533 413 780 475 benedictionem
801 414 833 473 in
862 417 1011 492 paternae
1031 411 1271 472 benevolentiae

307 510 442 606 Nostrae
464 509 576 586 pignus
597 509 798 586 peramanter
822 509 1034 587 impertimur.

368 605 481 663 Datum
497 605 613 663 Romae
629 603 678 662 die
689 603 750 662 XX
760 602 947 665 Novembris
954 600 1176 671 Meconem,
1192 599 1272 657 Pon-

309 695 450 757 tificatus
470 695 579 758 Nostri
600 713 681 755 anno
703 697 793 757 XIX.

729 858 858 916 πη.
965 841 968 846 ’
1025 861 1037 894 ·

641 980 728 1023 rora
749 947 943 1027 raoaoearro

488 1123 770 1184 sacrararum
794 1086 1094 1184 concessarum

527 1270 551 1316 A
562 1267 776 1316 sancmssmo
786 1268 914 1316 Domo
924 1267 1053 1316 Nosruo

563 1411 675 1490 ΡΙΟ
720 1412 896 1491 ΡΑΡΑ
940 1412 1007 1490 VI.

460 1591 794 1652 aaearumseorrs
825 1593 878 1652 ar
909 1589 1116 1650 nrrsoor1s

306 1751 356 1812 Ac
376 1751 575 1813 Dioeeesium
589 1749 924 1813 Administraeoribus
943 1752 1051 1827 Repeti
1068 1747 1261 1818 Galliarum,

367 1861 425 1905 nec
451 1863 519 1904 ecoe
547 1842 711 1916 Corsicae,
733 1845 924 1916 Avenioais,
949 1852 980 1905 et
1000 1841 1184 1903 Comitatus
1209 1840 1262 1899 Ve-

366 1940 513 2010 nausiet,
543 1936 743 2009 Sabaudiae,
768 1941 971 2016 aliorumque
1000 1941 1157 2008 locorum,
1188 1925 1286 2014 qami

363 2034 583 2109 persecutioni
602 2040 680 2091 suat
699 2033 852 2092 obaoocz'c.

367 2186 443 2246 Cum
459 2183 593 2242 maxime
607 2183 695 2242 cordi
715 2184 758 2244 sit
772 2184 975 2244 Sanctissimo
989 2182 1121 2244 Domino
1136 2185 1259 2253 Nostro,

307 2295 345 2336 ne
364 2277 544 2353 spiritualia
562 2277 701 2337 subsidia
720 2278 825 2338 desint
839 2277 960 2355 populis
972 2279 1063 2354 regni
1077 2276 1259 2344 Galliarum,

305 2372 464 2442 Corsicae,
476 2370 670 2444 Avenionis,
686 2372 860 2432 Comitatus
883 2372 1060 2445 Venaisini‚
1077 2370 1257 2441 sabaudiae,

306 2465 501 2540 aliorumque
528 2465 623 2523 etiam
656 2465 816 2537 locorum,
847 2483 926 2543 quae
957 2469 1031 2524 sunt
1058 2461 1260 2542 persecutioni

301 2560 461 2633 obnoxia,
492 2576 622 2634 cumque
650 2563 758 2618 notum
788 2563 1044 2636 perspectumque
1072 2558 1175 2618 eidem
1205 2558 1258 2626 sit,

304 2669 505 2714 aerumnosas
520 2652 594 2711 illas
607 2651 863 2714 circumstantias
878 2654 978 2713 adhuc
992 2655 1183 2730 perdurare,
1200 2668 1260 2728 pro·
1283 2671 1284 2716 1

304 2749 377 2824 pter
398 2763 473 2822 quas
495 2745 620 2806 Indulto
640 2743 703 2804 diei
724 2746 762 2807 10
783 2746 954 2806 decembris
972 2744 1141 2820 superioris
1173 2743 1257 2813 anni,
1283 2733 1284 2777 t

303 2841 490 2918 prorogarit
510 2839 779 2900 extraordinarias
801 2839 971 2900 facultates
992 2856 1153 2898 concessas
1177 2854 1259 2915 prae-

302 2935 380 2995 fatis
401 2933 669 3011 archiepiscopiS,
695 2935 871 3012 Episcopis‚
893 2938 926 2994 et
947 2934 1134 2994 dioecesium
1156 2930 1260 2993 Admi-

304 3026 529 3086 nistratoribus
560 3029 599 3086 ad
630 3027 737 3086 alium*
758 3045 891 3098 annum,
914 3047 933 3088 a
960 3027 1009 3086 die
1041 3023 1258 3102 exspirationis

304 3119 474 3180 cuiuslibet
495 3120 613 3179 indulti
634 3121 810 3198 respectiva
825 3121 1052 3197 incipiendum,
1068 3121 1176 3180 eadem
1193 3122 1260 3180 San·

304 3214 400 3274 etitas
421 3214 485 3273 Sua
505 3230 585 3271 novo
605 3214 663 3272 hoc
684 3213 806 3273 indulto
829 3213 969 3274 concedit
988 3213 1256 3290 Archiepiscopis‚

303 3305 481 3382 episcopis,
502 3311 594 3382 atque
615 3307 933 3366 administratoribus
953 3307 1136 3368 memoratis
1158 3323 1258 3384 proro-
1281 3371 1282 3374 Ἴ

306 3399 463 3478 gationem
478 3400 629 3472 omnium,
642 3400 897 3477 singularumque
911 3401 1097 3463 facultatum
1112 3403 1150 3462 ad
1166 3402 1256 3463 aliun
1281 3421 1282 3443 ὲ

299 3510 439 3561 annum,
458 3511 476 3551 a
498 3493 547 3552 die
568 3493 689 3569 pariter
712 3493 935 3570 exspirationis
956 3495 1075 3555 Indulti
1097 3493 1257 3554 cuiuslibet

305 3586 533 3666 incipiendum,
548 3584 575 3644 si
594 3583 712 3644 tamdiu
733 3589 907 3664 temporum
929 3587 1092 3648 calamitas
1114 3590 1254 3665 perdura·
