2632 4262
480 301 659 361 ..297-

78 415 165 476 1797
187 413 226 475 14
237 412 564 490 Ianuarii-Responsa
574 414 613 474 ad
624 413 776 490 quaedam
787 413 882 476 dubia
895 415 971 476 Sedi

183 507 386 586 Apostolicae
415 506 589 585 proposita.
619 509 663 568 De
691 509 904 569 sacerdotibus
931 510 970 571 ad

183 600 380 679 parochiales
399 599 556 660 llcolesias
570 601 627 660 aut
640 618 762 661 oocnas
782 604 839 663 aut
852 605 970 679 plenos

183 689 395 755 adioecesano
411 693 563 770 Episcopo
575 693 681 757 iurato
694 693 868 768 institutis,
880 694 971 756 iuxta

181 785 316 846 formam
325 783 806 850 schismaticaeconstitutionis.
816 788 865 847 An
876 786 970 847 iidem

183 881 321 957 aliquam
342 877 593 939 iurisdictionem
614 896 735 956 quoquo
748 879 838 939 medo
851 880 968 940 habere

182 971 318 1050 possint.
339 972 458 1038 Quibus
479 971 586 1049 poenis
606 969 827 1044 subiiciuntur,
842 976 969 1050 etqnae

181 1065 416 1127 satisfactiones
423 1065 462 1127 ab
473 1065 583 1126 iisdem
591 1064 775 1142 exigendae.
785 1067 868 1128 Num
877 1082 971 1144 prae·

183 1159 286 1220 dictus
297 1159 467 1238 Episcopus
480 1158 612 1220 solemni
626 1158 729 1220 edicto
742 1160 842 1236 possit
856 1163 970 1224 tollere

182 1271 288 1327 omnes
299 1254 496 1314 dioecesanas
508 1256 707 1330 peccatorum
719 1256 753 1312 et
765 1270 969 1315 censurarum

181 1346 417 1408 reservationes
466 1390 853 1407 ........
888 1364 966 1425 pap.
993 1348 1051 1410 140

181 1443 201 1501 4
222 1441 401 1502 Februarii.
415 1472 430 1486 ·
443 1443 636 1520 Responsum
658 1441 774 1502 Sacrae
795 1441 972 1519 congrega·

181 1535 279 1595 tionis
300 1552 357 1612 pro
379 1534 514 1612 negotiis
543 1534 765 1595 ecclesiasticis
792 1535 970 1597 (talliarum

181 1629 341 1706 proposito
352 1628 456 1688 dubio:
474 1646 548 1688 num
563 1628 659 1688 liceat
672 1627 903 1688 Ecclesiasticis
918 1646 969 1688 re·

178 1719 284 1798 cipere
306 1723 349 1780 les
363 1722 441 1780 bons
451 1723 589 1782 detiores
600 1739 642 1782 en
655 1725 915 1798 representation
929 1724 968 1784 de
989 1757 990 1764 κ

181 1816 267 1874 leurs
287 1815 444 1890 pensione
463 1817 516 1876 etc
518 1857 940 1877 .........
948 1834 966 1875 n
990 1815 1049 1876 142

106 1971 109 1976 ,
242 1907 505 1969 Februarii-Pii
531 1907 586 1969 VI.
607 1909 648 1968 P.
665 1909 712 1968 M.
728 1911 896 1970 Decretum
910 1925 967 1986 pro

179 2000 334 2060 electione
356 2001 553 2061 successoris
574 2001 623 2062 sni
681 2045 904 2062 .....
948 2017 967 2059 e
989 2001 1069 2060 144,

178 2095 219 2157 26
233 2093 343 2156 Martii
356 2125 377 2140 -
390 2095 623 2172 Indulgentiae,
636 2113 712 2172 quas
727 2097 874 2155 Summus
888 2095 968 2154 Pon·

180 2188 274 2261 tifex,
297 2188 350 2248 vel
371 2187 410 2247 ab
431 2206 468 2247 ec
489 2188 660 2265 Delegatus
681 2188 891 2248 benedicendo
911 2188 971 2248 Go-

180 2299 285 2354 ronas,
308 2281 454 2355 Rosaria,
480 2282 613 2354 Cruces,
635 2281 830 2355 crucifixos,
853 2297 968 2358 parvas

180 2376 322 2448 Statuas,
343 2375 545 2436 Numismata
570 2375 735 2454 Medaplie
762 2376 860 2454 vulgo
889 2391 970 2434 nun-

180 2471 306 2547 cupata,
329 2467 514 2546 impertitur
536 2469 655 2530 Christi
675 2469 832 2541 fidelibus,
854 2468 907 2546 qni
922 2485 970 2528 se·

179 2581 249 2623 cum
263 2563 426 2637 babentes,
442 2563 494 2623 vel
509 2563 590 2640 apud
606 2581 639 2623 se
653 2563 829 2624 retinentes
843 2561 969 2639 aliquod

180 2673 221 2716 ex
242 2654 407 2733 praefatis,
430 2655 636 2732 infrascripta
655 2655 709 2732 pia
734 2673 831 2732 opera
857 2654 970 2731 imple-

182 2749 262 2808 bunt
305 2790 907 2810 ............
949 2762 968 2805 r
990 2744 1049 2806 145

178 2842 219 2903 29
245 2841 357 2902 Martii
379 2873 393 2890 ·
412 2843 579 2920 Responsa
606 2842 709 2902 dubiis
740 2839 914 2918 propositis
950 2857 969 2898 a

180 2938 310 2997 Ioanne
323 2938 486 3007 Baptista
505 2937 686 2997 Diceoesis
701 2935 968 2995 Avenionisnels

179 3031 481 3090 Administrstore.
512 3032 556 3089 De
589 3028 803 3090 sacerdotibus
823 3027 877 3104 qui
898 3029 969 3104 post

179 3121 370 3199 praestitum
398 3121 533 3182 civicum
566 3121 778 3182 iuramentum
812 3119 967 3192 absoluti,

179 3214 297 3276 editam
318 3233 354 3276 aa
375 3214 413 3274 dc
434 3231 528 3275 causa
549 3215 810 3276 retractationem
831 3213 967 3274 iuridice

180 3311 377 3387 denegarunt
397 3309 449 3370 vel
464 3313 667 3370 revocarunt.
682 3311 763 3370 Item
777 3309 814 3368 de
829 3309 970 3369 sacordo-

179 3403 265 3464 tibns
286 3401 340 3480 qni
361 3402 564 3478 exigentibus
592 3402 878 3486 persequutoribus
899 3417 971 3480 pre·
1031 3419 1033 3433 “

177 3496 363 3574 sbytcratus
377 3495 506 3558 litteras
519 3497 723 3558 tradiderunt
735 3496 768 3555 in
784 3497 908 3574 signum
919 3513 969 3558 re-

177 3589 391 3651 nunciationis
419 3589 547 3652 Ordinis
570 3590 787 3664 sacerdotalia
802 3590 854 3652 rel
875 3607 969 3666 paro-
