2632 4262
276 376 385 453 spiens
401 377 435 436 et
455 374 720 450 manifestuum,
737 381 772 438 et
791 377 861 438 odio
883 375 1236 455 Religionis'inoreduli

275 488 381 531 nerem
402 471 595 543 attuleruut,
611 473 645 530 et
658 471 751 531 Fides
773 471 853 549 apud
867 471 1048 531 incredulos
1068 468 1234 530 Pontidois

275 563 424 641 sunguine
436 563 600 640 obsignate
610 565 670 623 est:
683 564 867 640 omninoque
878 562 1046 623 verissime
1056 565 1144 635 sunt,
1157 579 1235 639 quoe

275 657 367 718 divus
387 656 562 735 Cyprianus
583 658 621 716 de
639 655 795 734 martyrio
815 655 933 728 dornit3
955 673 1015 715 non
1036 656 1096 727 est,
1121 655 1235 715 Patres

274 750 532 824 Eminentissimi‚
548 751 767 823 dubitandum,
781 749 856 828 quin
877 751 959 810 Deus
972 748 1115 826 Optimus
1134 747 1237 808 Maxi·

275 859 344 904 mus
375 844 568 904 nobilissimo
600 844 758 923 Martyrio
779 844 870 904 Pium
902 843 1033 903 Sextum
1061 857 1179 918 augere
1201 858 1236 901 so

276 937 440 998 honestare
461 937 612 998 voluerit.

335 1031 395 1090 Sed
410 1047 468 1106 ego
490 1031 645 1092 veuieme
665 1030 847 1091 beatissimo
868 1030 948 1090 Sene
963 1031 1111 1104 deprecer
1132 1043 1237 1087 neees-

275 1141 307 1184 se
329 1129 389 1196 est,
405 1122 469 1200 qui,
485 1125 725 1183 commemorato
739 1122 1008 1200 preesteotissimo
1021 1119 1126 1180 enimn
1148 1120 1237 1180 nobi·

275 1216 455 1294 lissimoque
476 1217 652 1296 martyrio,
674 1217 727 1277 ubi
749 1216 1071 1294 praeclarissimorum
1098 1215 1236 1274 omnium

275 1310 434 1370 virtutum
455 1327 574 1371 summe
594 1329 662 1370 esse
683 1310 802 1383 debuit,
818 1313 852 1370 et
871 1309 944 1382 fuit3
959 1309 1060 1368 multo
1081 1308 1175 1385 plure
1195 1307 1249 1366 si·v

275 1403 375 1464 lentio
389 1406 643 1480 praetergressus
663 1421 741 1475 sum,
757 1421 848 1480 quam
863 1403 940 1463 dixi.
956 1404 1053 1470 Quem
1070 1401 1155 1460 enim
1176 1417 1236 1459 non

276 1499 414 1558 terreret
434 1497 604 1574 singularis
625 1497 680 1558 ille
702 1497 860 1557 virtutum
873 1515 909 1556 ee
929 1496 1021 1573 plene
1037 1495 1165 1554 divinus
1187 1512 1239 1554 oo·

275 1589 416 1662 mitetus,
432 1603 525 1665 quum
540 1588 615 1648 Pius
629 1607 688 1648 non
704 1607 812 1666 perse,
827 1608 888 1649 oon
903 1588 1084 1660 mediocris,
1098 1603 1159 1646 non
1175 1603 1240 1647 me·

276 1699 356 1758 gne,
385 1698 446 1740 non
468 1697 588 1739 summu
618 1681 684 1740 ullo
712 1699 855 1758 umquem
887 1684 1028 1758 tempore
1049 1681 1239 1758 susceperit,

274 1774 348 1850 quin
370 1772 485 1832 eximia
507 1773 554 1832 vis
576 1773 673 1833 animi
687 1777 781 1850 etque
799 1773 918 1850 ingenii
933 1773 1116 1852 apperuerit
1136 1774 1240 1834 exrel-

274 1866 370 1928 leutis
391 1865 475 1924 omni
496 1864 587 1926 lende
609 1866 755 1926 virtutis?
768 1865 843 1933 Quis
864 1867 923 1926 ille
936 1885 1005 1927 eom
1027 1885 1150 1945 semper
1171 1871 1240 1926 tum

275 1959 307 2018 in
329 1976 422 2019 eausa
442 1957 620 2035 Religionis
641 1959 824 2031 humanior,
844 1959 899 2036 qui
919 1960 1063 2036 depulsos
1084 1977 1101 2018 e
1124 1960 1242 2021 Galliis

276 2060 309 2112 et
328 2052 495 2130 Episcopus
510 2056 543 2112 et
564 2052 748 2113 Sacerdotes
769 2051 816 2113 ite
836 2053 1017 2130 complexus
1034 2057 1084 2113 est
1097 2071 1134 2113 ee
1156 2053 1244 2113 iuvit

197 2194 199 2199 ,
275 2163 337 2224 que
358 2145 472 2223 potuit;
496 2149 613 2205 utnon
636 2145 706 2206 leve
727 2144 873 2206 habuisse
901 2145 934 2203 in
956 2163 992 2205 eo
1013 2147 1050 2205 ad
1072 2164 1244 2206 aerumnas

276 2239 382 2300 exsilii
393 2238 543 2299 soletium
558 2238 735 2298 fateantur?
748 2237 834 2306 Quod
856 2237 979 2315 quidem
994 2238 1145 2299 solatium
1166 2257 1244 2315 qua·

277 2331 304 2392 si
327 2349 386 2390 non
406 2335 573 2391 contentus
594 2336 677 2392 esset
697 2333 753 2391 uut
774 2331 841 2391 illis
862 2331 948 2404 solis,
970 2334 1123 2392 suttune
1144 2349 1243 2408 quum

277 2427 341 2502 ipse
363 2426 393 2484 in
417 2425 548 2502 imperio
566 2426 696 2486 floreret
713 2427 907 2514 praebuiss03
925 2429 1086 2503 postquam
1107 2424 1243 2502 imperio

276 2523 310 2578 et
331 2517 408 2576 Sede
430 2535 485 2576 sua
507 2516 644 2577 deiectus
658 2520 693 2577 et
714 2519 822 2595 pulsus
842 2522 903 2591 est,
923 2518 967 2579 sio
989 2518 1078 2578 bouis
1097 2518 1243 2578 omnibus

276 2609 433 2689 praebuit,
450 2613 485 2670 ut
506 2610 585 2670 nihil
600 2611 700 2672 meins
720 2612 790 2672 fieri
812 2611 962 2690 potuerit.
979 2611 1055 2679 Quis
1071 2615 1123 2671 est
1142 2611 1242 2685 enim,

146 2751 149 2765 ,
276 2705 330 2782 qni
352 2703 519 2781 propositis
539 2704 684 2781 interque
705 2723 737 2766 se
758 2705 947 2782 comparetis
967 2703 1183 2776 incommodis,
1204 2704 1243 2763 iis

276 2817 355 2875 quae
370 2798 454 2858 ferre
474 2799 604 2875 quisque
618 2817 654 2860 ae
676 2799 814 2860 tolerare
828 2799 948 2870 debuit,
964 2802 997 2858 et
1018 2797 1058 2858 iis
1071 2814 1150 2874 quae
1164 2797 1243 2857 Pius

276 2893 315 2953 ed
337 2896 513 2953 extremum
537 2911 630 2970 usque
646 2891 730 2952 vitoe
751 2891 899 2968 spiritum
914 2891 1079 2962 toleravit3
1095 2907 1156 2950 nou
1173 2907 1242 2953 sen·

221 3045 229 3064 ¹
277 2985 351 3058 tiat,
371 3001 403 3044 se
424 2985 524 3046 multo
545 3003 612 3044 esse
633 2983 806 3044 minoribus
826 2984 991 3056 effoetum,
1012 2984 1174 3051 vexatum,
1196 2982 1242 3044 ns-

277 3077 409 3150 dietum;
424 3077 498 3151 etsi,
513 3079 743 3156 comparatione
762 3077 888 3150 relicte,
904 3077 1093 3155 gravissime
1106 3079 1141 3136 et
1154 3094 1241 3136 sum·

277 3185 414 3227 maesse
436 3168 643 3229 viderentur?
666 3171 723 3230 Est
750 3169 833 3229 enim
855 3170 911 3228 hoe
933 3187 1029 3229 unum
1056 3168 1241 3228 calamitoso

278 3265 417 3337 tempore
439 3261 564 3320 miseris
585 3263 744 3334 solatium,
759 3262 941 3339 intelligere
962 3262 1042 3322 alios
1063 3279 1143 3334 esse,
1166 3277 1241 3338 quos

276 3353 377 3412 maior
397 3369 618 3413 aerumnarum
632 3355 682 3414 vis
703 3355 867 3435 presserit.
878 3355 960 3428 Quo,
976 3353 1153 3415 miserrimo
1174 3370 1240 3413 oer-

278 3451 322 3521 te‚
337 3447 389 3508 sed
412 3450 516 3508 temen
540 3445 628 3506 unico
649 3449 682 3507 et
703 3449 877 3508 necessario
898 3447 1090 3524 temporibus
1112 3448 1239 3520 solatio,

276 3541 346 3618 quis
367 3546 416 3603 est
443 3541 496 3620 qui
517 3539 616 3618 magis
636 3556 742 3601 omnes
769 3542 885 3616 bonos,
911 3557 1005 3618 quem
1027 3541 1240 3603 Pius·Sextus
