2624 4260
493 267 672 329 -169-

546 459 634 515 lin.

396 593 524 636 nruacuo
546 593 627 635 nmo
647 593 772 637 uosrao

189 739 371 800 unuarco
390 741 422 799 s
444 742 483 800 a.
504 698 838 800 nsrnusnrrnno
859 737 977 798 clun.

356 834 407 894 nn
428 833 740 894 raauunuaeno
764 831 809 910 (1)

315 1003 485 1086 PIUS
545 1003 732 1080 PAPA
784 1003 848 1080 Vl.

165 1213 344 1290 Singularis
365 1213 429 1274 ista
450 1217 527 1286 tua,
552 1234 673 1275 summa
694 1215 725 1274 iu
750 1214 893 1286 virtute,
916 1214 1070 1273 modestia

99 1306 182 1366 facit
201 1309 237 1368 D.
254 1307 291 1366 F.
308 1308 347 1367 N.
366 1313 402 1366 ut
422 1307 541 1367 litteris
563 1309 626 1368 tuis
648 1309 679 1366 in
703 1309 760 1366 hac
783 1307 989 1367 tribulatione
1004 1309 1071 1367 No-

100 1403 185 1470 stra,
201 1403 235 1458 et
255 1400 286 1457 in
309 1417 357 1471 ea,
370 1418 431 1476 qua
446 1418 606 1477 urgemur,
623 1401 826 1460 ecclesiarum
849 1401 987 1459 omnium
1008 1400 1070 1459 sol-

98 1492 269 1553 licitudine
291 1491 496 1568 interpellare
519 1497 550 1553 te
570 1495 635 1555 Nos
660 1511 747 1570 posse
769 1493 957 1569 suspicieris.
982 1495 1070 1552 Tune

102 1603 253 1661 umquam
276 1603 332 1643 nos
354 1583 562 1661 interpelles?
583 1585 677 1646 Ouius
691 1603 760 1644 cum
783 1603 904 1661 semper
925 1587 1071 1644 coustan-

101 1679 183 1740 tiam
198 1696 233 1737 ac
257 1678 526 1737 mansuetudinem
540 1681 590 1738 tot
602 1679 634 1736 in
646 1677 789 1738 adversis
801 1678 1005 1754 perferendis,
1019 1677 1070 1737 vel
1133 1729 1138 1732 .

101 1792 122 1834 a
144 1770 256 1849 primis
278 1770 370 1829 buius
392 1770 590 1846 tempestatis
606 1771 896 1830 turbulentissimae
917 1770 1069 1842 exordiis,

101 1863 254 1926 demirati
276 1881 395 1936 sumus,
412 1867 478 1922 tum
500 1864 682 1932 litterarum
704 1864 861 1940 sapientia
881 1864 928 1924 ita
948 1882 1071 1924 recrea·

102 1976 189 2032 mur,
203 1961 238 2017 ut
249 1957 281 2016 in
297 1958 346 2016 his
357 1957 541 2018 miserrimis
552 1958 746 2034 temporibus
760 1957 838 2018 nihil
851 1957 890 2016 iis
900 1959 937 2016 ad
951 1976 1072 2018 moero·
1195 1997 1199 2004 ·

102 2071 172 2114 rem
188 2050 285 2111 animi
307 2051 415 2111 Nostri
436 2051 678 2128 abstergendum
706 2050 903 2128 praesentius
931 2051 1072 2111 iuvenia-

103 2165 186 2206 mus.
209 2146 294 2212 Quae
315 2163 411 2216 saue,
438 2145 464 2203 si
487 2147 619 2204 nondum
644 2145 756 2205 afferre
777 2149 916 2220 possunt,
933 2162 1011 2220 quae
1031 2145 1070 2204 ad

103 2239 264 2302 Ecclesiae
286 2237 552 2315 tranquillitatem
575 2238 847 2298 vehementissime
875 2254 1069 2314 cuperemus,

104 2334 246 2398 afferunt
260 2335 364 2392 tamen
376 2350 454 2408 quae
469 2332 501 2390 in
517 2331 704 2409 gravissima
714 2332 771 2391 hac
783 2331 849 2390 eius
861 2330 954 2407 plaga
969 2330 1071 2390 maxi-

104 2447 157 2488 mo
179 2425 277 2488 Nobis
299 2425 412 2485 solatio
440 2444 507 2484 esse
529 2426 652 2484 debent.
676 2424 754 2491 Quid
778 2424 859 2484 enim
883 2425 922 2484 ad
951 2423 1072 2483 lenien-

105 2525 178 2584 dam
210 2519 377 2580 vulnerum
410 2524 585 2580 nostrorum
617 2519 822 2579 acerbitatem
854 2518 1007 2579 efficacius
1028 2519 1072 2586 sit

104 2615 215 2688 Nobis,
231 2633 324 2691 quam
339 2631 536 2690 cognoscere,
553 2614 584 2671 in
607 2617 698 2672 tanta
716 2612 883 2690 impiorum
905 2613 950 2684 vi,
967 2615 998 2671 te
1019 2630 1071 2670 ce-

104 2716 254 2784 terosque
275 2706 378 2783 Belgii
399 2707 560 2766 antistites
581 2707 773 2766 confessores
787 2706 859 2765 fidei
881 2705 1071 2764 constantis·

106 2803 215 2874 simos,
232 2799 389 2858 infinitum
412 2803 577 2876 praeterea
598 2799 793 2858 sacerdotum
814 2796 1068 2856 fidelissimorum

107 2911 274 2955 numerum
290 2896 380 2952 tanta
394 2893 560 2968 patientia,
576 2891 741 2965 firmitate,
756 2889 1005 2962 mansuetudine,
1021 2909 1073 2951 ra·

107 2989 213 3066 pinam
234 2987 396 3059 bonorum,
425 2986 592 3062 impiorum
617 2985 761 3058 iniurias,
788 2999 964 3058 carcerem,
989 2983 1072 3044 exsi-

107 3081 198 3154 lium,
214 3096 321 3139 rerum
343 3078 480 3138 omnium
501 3081 672 3155 egestatem
695 3096 750 3154 pro
778 3079 992 3138 conservanda
1012 3079 1072 3138 Ec-

108 3175 221 3234 clesiae
244 3172 366 3232 unitate
388 3173 551 3249 perferret
573 3191 663 3249 quam
686 3173 778 3245 scire,
801 3171 923 3230 nullum
944 3171 1072 3231 calami-

108 3271 211 3328 tatum
228 3266 280 3325 vel
295 3266 539 3343 asperrimarum
562 3283 658 3342 genus
674 3265 794 3325 efficere
815 3283 915 3341 posse,
932 3265 1006 3341 quin
1024 3267 1072 3324 tot

108 3359 223 3422 invicti
244 3359 364 3421 Christi
394 3359 536 3420 athletae
556 3359 588 3417 in
620 3358 680 3418 fide
711 3363 804 3436 atque
826 3357 923 3418 officio
951 3376 1072 3435 perma-

171 3563 207 3618 (1>
224 3561 422 3621 Asublepiaoopo
438 3559 623 3608 mechliniensi.
