2624 4260
312 287 373 348 rali
394 287 549 360 doctriua,
571 305 625 346 seu
647 285 813 363 disciplina
833 285 1153 364 oppuguata301erus
1174 285 1272 346 fidelis
1304 289 1305 360 l

284 412 287 418 ·
312 397 439 440 secures
458 379 638 456 impiorum,
652 379 706 457 qni
719 381 799 440 fines
814 379 1011 452 obsidebant,
1026 397 1122 456 aegre
1135 379 1272 456 elapsus,

311 473 393 537 nihil
414 475 524 534 horum
547 473 654 533 oculos
675 473 790 533 mentis
805 491 892 534 meaa
906 471 1031 550 aperire
1045 472 1164 548 potuit.
1182 473 1275 532 Sedu·
1303 456 1304 473 ¹

311 569 381 627 ctus
401 565 558 628 illecebris
579 566 756 644 regiminis,
778 567 857 644 quod
879 567 1124 639 instituebatur,
1138 566 1274 625 conabar

310 677 413 722 meum
435 661 682 726 enthusiasmum
703 680 773 722 cum
795 661 993 739 parochianis
1012 659 1090 720 meis
1103 660 1274 719 communi·

311 773 402 828 oare;
425 753 614 816 annuntiavi
629 756 674 813 eis
688 756 849 814 commoda
863 754 953 832 regni
966 755 1198 832 fraternitatis
1204 775 1219 824 ,·
1230 770 1275 812 aa·

310 848 436 925 captavi
451 847 583 925 denique
596 866 667 908 cum
678 849 847 926 ,voluptate
862 848 991 908 titulum
1006 847 1152 925 deputati
1167 849 1207 908 ad
1221 849 1273 908 Go-

310 943 402 1008 mitia
422 941 508 1005 dicta
527 942 752 1020 Allobrogum:
775 945 809 1002 et
830 943 1099 1015 scandalosarum,
1121 960 1205 1019 quae
1227 941 1273 1002 -ibi
1304 935 1305 996 ἶ

310 1041 399 1096 actae
428 1040 518 1110 sunt,
550 1053 712 1098 scenarum
735 1036 827 1096 testis
848 1054 933 1113 spem
955 1037 992 1094 de
1014 1054 1096 1095 novo
1117 1036 1272 1114 regimine

309 1133 491 1208 conceptam
508 1147 573 1193 non
594 1131 775 1192 conservari
797 1133 898 1216 modo,
922 1148 1032 1190 verum
1050 1131 1149 1191 etiam
1165 1129 1273 1208 augeri

310 1226 404 1286 sensi.
427 1225 611 1286 Huiusmodi
632 1227 726 1284 erant
746 1225 843 1285 animi
865 1225 925 1284 mei
947 1228 1068 1298 motus,
1097 1228 1173 1284 dum
1194 1229 1272 1288 Con·

311 1321 426 1379 ventus
435 1317 615 1380 Nationalis
627 1317 837 1378 commissarii
852 1316 974 1394 publice
986 1319 1018 1376 in
1031 1319 1193 1380 Sabaudia
1206 1337 1274 1396 pro·

309 1411 527 1473 clamationem
542 1413 624 1470 adeo
646 1412 855 1472 desideratam
877 1410 916 1470 ab
937 1411 1053 1488 impiis,
1068 1413 1147 1472 adeo
1163 1412 1274 1472 formi-

310 1507 415 1566 datam
436 1522 455 1564 a
476 1503 630 1577 fidelibus,
654 1523 733 1582 quae
754 1523 823 1564 cum
845 1506 1026 1566 auctoribus
1047 1505 1112 1564 suis
1127 1507 1168 1566 ad
1183 1523 1273 1566 ever·

309 1600 436 1658 tendum
459 1601 515 1658 aut
535 1599 702 1675 opprobrio
728 1599 947 1658 cumulandum
976 1616 1100 1658 sacrum
1128 1599 1273 1660 ministe-

308 1693 391 1752 rium
406 1691 564 1752 destinata
577 1697 671 1766 esset,
688 1693 760 1752 huic
776 1693 878 1769 potius
893 1692 1099 1768 pulcherrimi
1116 1693 1271 1772 triumphi
1304 1711 1305 1748 l

272 1845 276 1857 ,
309 1787 499 1846 occasionem
525 1785 792 1846 subministravit.
816 1787 1001 1862 Suppressic
1029 1787 1271 1864 Episcopatuum

309 1879 495 1952 Sabaudiae,
511 1897 618 1940 eorum
635 1880 707 1940 unio
730 1880 787 1940 sub
809 1880 907 1940 titulo
929 1880 1134 1957 Episcopatus
1157 1885 1271 1943 Montis

307 1973 393 2046 albi,
418 1973 568 2050 obligatio
591 1973 722 2050 parendi
743 1974 879 2034 decretis
901 1975 1101 2046 comitiorum
1122 1976 1271 2036 Natione-

309 2067 397 2139 lium,
408 2070 609 2144 praeceptum
621 2067 764 2126 omnibus
775 2069 1007 2128 Ecclesiastieis
1018 2067 1154 2128 servitio
1169 2071 1270 2130 cultus

308 2162 442 2224 addictis
456 2161 636 2237 impositum
651 2159 818 2220 emittendi
834 2162 1050 2222 iusiurandum
1062 2161 1227 2223 libertatis
1241 2166 1272 2222 et

307 2255 524 2332 aequalitatis,
546 2255 612 2314 sine
634 2255 855 2331 explicatione,
878 2257 944 2314 sine
965 2256 1181 2330 restrictione,
1199 2259 1272 2318 haec

308 2347 370 2410 fuit
390 2367 510 2410 summa
529 2349 597 2408 eius
618 2349 760 2410 funestae
782 2349 1048 2426 proclamationis.
1304 2347 1305 2360 ¹

359 2443 433 2500 lam
450 2459 606 2516 errores,
634 2461 711 2519 quos
736 2444 843 2502 eadem
865 2443 897 2502 in
920 2443 1107 2504 Sabaudiam
1137 2443 1269 2515 intulit,

306 2535 404 2596 Brevi
425 2535 544 2594 Summi
566 2536 728 2596 Pontificis
752 2536 794 2598 10*
816 2537 924 2598 Martii
954 2538 1029 2598 1791
1059 2541 1173 2599 contra
1187 2537 1272 2600 civi-

307 2629 368 2690 lem
395 2628 660 2690 constitutionem
689 2631 773 2692 Oleri
801 2629 884 2690 edito
913 2631 1052 2690 damnati
1073 2636 1187 2706 erant;
1210 2634 1270 2691 iam

307 2721 410 2782 altero
430 2722 527 2783 Brevi
550 2723 588 2782 1·3
608 2723 728 2800 Aprilis
749 2723 848 2801 edito,
864 2724 1018 2798 omnibus,
1035 2724 1088 2801 qui
1107 2742 1176 2785 eam
1192 2727 1271 2788 Gon-

306 2815 505 2876 stitutionem
527 2835 559 2876 se
580 2816 803 2877 observaturos
824 2817 1020 2890 iuraverant,
1038 2818 1270 2896 praescriptum

307 2909 387 2984 fuit,
417 2915 453 2972 ut
480 2910 696 2970 iusiurandum
723 2929 742 2970 a
770 2928 803 2970 se
824 2910 1013 2988 praestitum
1036 2913 1268 2972 retractarent.

306 3003 449 3080 Episcopi
469 3004 626 3064 Ecclesiae
648 3003 831 3064 Gallicanae
852 3023 884 3064 se
906 3003 935 3064 ei
957 3004 1071 3064 iudicio
1097 3006 1271 3066 adhaerere
1304 3045 1305 3078 ,

304 3095 408 3170 palam
420 3095 561 3157 fecerant
564 3102 674 3173 ,atque
690 3115 834 3156 unacum
849 3096 934 3158 (llari
949 3096 997 3156 sui
1012 3098 1150 3158 maxima
1165 3103 1270 3177 parte,

305 3203 361 3248 sua
381 3189 492 3266 agendi
514 3191 636 3248 ratione
657 3205 738 3250 eam
745 3195 1031 3252 commonstravere
1046 3194 1305 3266 constantiam,

305 3298 396 3386 quam
418 3300 473 3342 nec
494 3282 643 3355 exilium,
667 3301 722 3342 nec
744 3283 969 3375 spoliationes,
992 3303 1090 3362 neque
1112 3287 1305 3388 supplicia
1304 3267 1305 3302 ἦ

305 3373 431 3433 vincere
453 3381 587 3452 possent
612 3377 749 3434 Tandem
769 3369 941 3454 Episcopus
962 3396 1068 3452 meus,
1091 3380 1153 3438 mei
1175 3343 1305 3458 supe-i

305 3465 417 3541 riores,
440 3467 499 3546 ipsi
519 3467 679 3545 simplices
701 3467 822 3543 fideles,
845 3471 879 3553 hi
899 3489 1005 3532 omnes
1026 3473 1062 3532 ad
1086 3491 1135 3531 me
1151 3473 1184 3531 in
1202 3475 1268 3534 offi-
