2632 4262
129 331 357 392 simulationes
384 331 616 394 haereticorum
649 338 682 396 et
714 335 993 398 schismaticorum.
1023 339 1049 399 Ι.

78 427 250 498 271273.

129 519 1055 602 SpirensisEpiscopipastoraleslitteraelaudanturzquae-

78 613 160 673 dam
176 616 280 673 tamen
297 614 480 676 iudicantur
494 635 572 693 quae
587 616 811 676 dilucidatione
832 618 1049 694 0311111164.

77 707 223 766 -Eidem
239 706 374 771 facultas
388 727 530 771 concessa
543 711 725 770 absolvendi
740 712 960 790 presbyterum
973 710 1053 772 Lin-

81 803 198 862 derum
220 805 259 863 ad
281 821 384 865 sacros
406 805 531 866 ordines
552 806 591 866 ab
612 806 735 867 intruso
755 807 905 886 Episcopo
926 823 1052 886 promo·

83 897 171 957 tum.
191 898 259 958 135.
273 902 495 976 ·Responsum
517 899 602 962 circa
623 899 826 962 validitatem
841 901 992 962 ordinum
1014 901 1055 961 ab

82 991 197 1050 eodem
220 996 429 1070 receptorum.
449 995 518 1056 153.

150 1084 265 1146 Stusrt
278 1089 423 1148 Andreae
443 1091 702 1150 commendantur
716 1089 847 1150 Carolus
861 1087 998 1150 Erskine
1019 1089 1056 1147 et

84 1179 214 1239 exsules
236 1179 412 1242 Galliarum
434 1182 652 1243 ecclesiastici.
669 1185 709 1245 11.
726 1183 776 1244 51.

148 1273 307 1334 Subiectio
333 1275 516 1336 constitutis
537 1277 749 1354 potestatibus
770 1276 888 1338 debita.
911 1277 953 1336 11.
979 1273 1051 1334 138.

150 1367 385 1429 Suessiouensis
398 1371 543 1448 Episcopi
558 1371 610 1452 (H.
627 1375 651 1433 1.
665 1375 703 1432 de
728 1370 939 1451 Bourdeilles)
966 1370 1052 1430 zelus

86 1461 124 1519 et
145 1460 225 1522 laus.
239 1463 263 1522 Ι.
283 1463 351 1525 149.

149 1555 297 1632 Suspensi
312 1558 351 1618 ab
365 1557 507 1618 omnibus
521 1558 682 1619 ordinibus
696 1559 750 1637 qui
768 1559 800 1618 in
820 1557 1054 1622 consecratione

83 1646 284 1709 intrusorum
312 1669 420 1728 opem,
450 1671 597 1731 operam,
627 1671 809 1714 consensum
830 1657 864 1714 et
884 1651 1051 1712 consilium

85 1743 332 1819 praestiterunt.
345 1747 370 1805 I.
388 1745 457 1806 156.
486 1750 520 1807 ct
544 1765 648 1806 omnes
676 1747 814 1808 ordinati
841 1747 880 1808 ab
904 1745 1052 1818 intrusis,

86 1838 123 1896 et
147 1835 352 1914 irregulares,
369 1838 396 1898 si
410 1839 534 1900 ordines
548 1844 689 1918 receptos
710 1839 923 1901 exercuerint.
936 1841 960 1899 l.
980 1839 1049 1898 157.

556 2032 583 2086 Τ

150 2220 305 2280 Thoumin
319 2223 549 2297 Desvauspons,
566 2217 711 2280 Vicarius
726 2190 882 2296 generalis
896 2216 1052 2291 Dolensis;

88 2313 210 2374 Summi
231 2313 394 2373 Pontificis
415 2315 454 2374 ad
475 2331 545 2374 eum
566 2313 740 2389 responsio.
757 2315 781 2372 I.
799 2311 852 2372 50.

151 2407 334 2467 Toloneusis
354 2407 522 2485 Episcopus
544 2404 662 2487 (llleo);
684 2404 805 2467 Summi
825 2405 990 2467 Pontificis
1011 2406 1050 2466 ad

91 2517 163 2561 eum
184 2499 328 2576 epistola.
345 2501 370 2560 I.
385 2499 437 2561 52.

552 2649 584 2705 U

64 2771 65 2774 '
151 2763 329 2859 Urgellensi
350 2779 502 2858 Episcopo
523 2779 691 2840 facultates
713 2797 885 2840 concessae.
896 2781 1009 2842 1.-219.

151 2879 264 2938 Usura.
286 2877 368 2940 Num
389 2874 512 2935 fructus
537 2892 657 2936 annuus
677 2892 717 2934 ex
739 2893 798 2934 non
827 2875 969 2936 alienata
995 2893 1050 2952 pe-

90 2968 182 3028 cunia
195 2968 355 3046 percipere
369 2969 510 3042 valeant,
523 2968 576 3045 qui
597 2968 810 3046 exceptionem
827 2967 910 3029 lucri
929 2986 1052 3029 cessan-

91 3063 135 3123 tis
156 3065 211 3122 aut
231 3061 336 3123 damni
360 3062 552 3140 emergentis
580 3064 785 3139 praetendere
811 3080 870 3122 non
899 3067 1049 3140 possunt,

93 3157 146 3220 sed
167 3155 356 3216 solummodo
376 3156 458 3216 lucri
478 3154 689 3216 advenientis.
704 3156 745 3216 II.
765 3156 835 3216 114.

550 3307 582 3363 V

150 3439 309 3518 Vesperis,
324 3419 455 3517 aliisque
477 3436 622 3516 precibus
642 3436 777 3515 publicis
799 3437 855 3496 sub
876 3435 1051 3496 directione

93 3533 273 3613 presbyteri
293 3532 392 3593 iurati
412 3530 557 3592 recitatis
578 3531 732 3592 interesse
754 3529 851 3590 nefas.
867 3531 907 3590 II.
923 3529 973 3588 84.
