2606 4268
447 223 627 306 ⁴105-

453 406 624 461 xxxll.

354 491 485 570 omisero
506 490 589 570 rimo
609 527 729 570 nosruo

91 682 289 746 DOMINIOO
310 685 343 746 S.
359 688 398 747 R.
415 689 452 758 E.
468 687 743 748 PRESBYTERO
764 685 989 748 OARDINALI

379 779 695 840 RUPEFUOALDIO

261 946 510 1024 Arcdiepiscopo
532 949 784 1026 Rotbomoqensi

274 1109 444 1191 PIUS
496 1109 689 1188 PAPA
739 1112 806 1189 VI.

117 1305 255 1373 Dilecto
268 1307 501 1378 ruinosum,
516 1308 668 1367 Salutem
679 1312 719 1398 et
732 1308 969 1378 Apostolicam

390 1403 686 1461 Benedictionem.

117 1567 168 1626 Ex
189 1564 252 1624 tuis
274 1563 466 1640 peracceptis
487 1564 619 1636 litteris,
639 1565 754 1624 dilecte
767 1565 833 1625 Fili
847 1568 976 1637 Noster,
992 1565 1025 1624 in

58 1658 172 1735 quibus
191 1657 328 1717 faustum
350 1657 533 1734 felicemque
555 1661 712 1716 recentem
734 1659 816 1718 hunc
837 1677 951 1718 annum
970 1677 1026 1736 pro

59 1757 114 1812 tua
136 1750 256 1828 pietate
269 1749 365 1812 Nobis
380 1750 571 1827 adprecaris,
585 1769 620 1811 ao
635 1751 796 1826 singulare
811 1755 899 1812 tuum
914 1754 945 1811 in
961 1754 1027 1814 Nos

58 1845 198 1906 studium
213 1845 468 1920 perspectamque
483 1843 544 1901 iam
560 1843 591 1902 in
607 1845 639 1902 S.
656 1844 766 1904 Sedem
781 1846 1025 1920 observantiam,

59 1960 121 2000 non
145 1942 209 1999 tam
225 1956 264 1997 ex
279 1939 389 1998 horum
413 1939 533 1998 dierum
556 1957 653 2012 more,
669 1959 761 2015 quam
776 1959 816 2000 ex
833 1941 945 2001 intimo
960 1942 1028 2002 ani-

58 2036 103 2096 mi
125 2051 217 2092 sensu
240 2031 418 2102 confirmae,
434 2031 619 2090 incredibile
634 2050 725 2107 quam
740 2033 829 2093 varie
845 2034 950 2095 affecti
963 2035 1029 2094 iue-

58 2130 174 2200 rimus;
198 2125 334 2203 primum
357 2125 501 2184 dolenter
521 2127 559 2184 ob
581 2128 630 2184 tot
650 2129 816 2203 tantosque
834 2145 922 2187 casus
943 2134 1027 2201 tuos,

57 2241 130 2283 cum
153 2239 193 2280 ex
214 2239 276 2280 una
300 2219 434 2278 civitate
456 2219 487 2276 in
510 2219 604 2280 aliem
628 2221 767 2297 migrare
785 2222 907 2299 cogeris
922 2225 958 2282 ad
977 2225 1030 2283 ad·

57 2317 225 2377 venientes
253 2314 358 2372 hostes
388 2311 608 2384 declinend0s3
631 2316 753 2372 tumet
782 2314 937 2386 iucunde,
960 2333 1030 2376 curn

57 2411 146 2470 vires
168 2408 227 2468 tibi
249 2406 280 2464 in
303 2405 497 2482 perferendis
520 2409 570 2464 tot
590 2407 747 2464 aerumnis
762 2409 824 2466 Deo
840 2410 934 2468 dante
950 2408 1032 2468 suffi-

55 2523 142 2575 cere,
165 2505 200 2562 et
220 2501 332 2560 miram
347 2498 396 2558 tui
417 2498 612 2574 praestantis
626 2498 724 2558 animi
739 2499 770 2557 in
790 2501 964 2562 christiana
979 2520 1032 2579 pa·

55 2596 175 2657 tientia
190 2593 363 2668 ceterisque
378 2609 418 2650 ex
432 2591 584 2669 religione
600 2593 750 2668 profectis
765 2595 941 2656 virtutibus
956 2615 1031 2656 con-

55 2689 212 2751 stantiam
234 2687 281 2746 ita
302 2687 503 2758 miraremur,
529 2689 564 2745 ut
586 2687 706 2762 gratias
721 2705 885 2764 ageremus
899 2689 1030 2750 Domino

54 2787 178 2846 Nostro
199 2783 268 2841 Iesu
293 2779 442 2852 Christo,
465 2779 518 2855 qui
540 2797 580 2837 ex
601 2779 678 2854 ipsis
700 2779 960 2840 tribulationibus
982 2784 1032 2842 tot

55 2877 231 2956 insignium
254 2873 397 2933 virorum
419 2873 546 2944 merita,
569 2873 682 2948 quibus
700 2873 873 2934 Ecclesiam
889 2874 1033 2936 illustra·

55 2977 119 3044 ret,
134 2970 167 3029 in
183 2969 285 3028 lucem
301 2967 461 3038 eduxerit,
471 2966 655 3044 publiceque
669 2968 707 3026 ad
719 2967 878 3026 Fidelium
894 2967 1031 3028 omnium

55 3064 273 3124 imitationem
295 3063 505 3138 proposuerit.

115 3156 211 3218 Nihil
233 3172 325 3232 porro
346 3157 416 3226 est,
440 3153 555 3213 dilecte
578 3153 645 3213 Fili
673 3156 808 3226 Noster,
831 3155 913 3231 quod
938 3153 1035 3215 Nobis

56 3249 247 3328 gratuleris,
270 3251 429 3323 tamquam
450 3247 514 3308 Nos
536 3246 707 3306 Ecclesiam
729 3247 855 3309 Nostris
870 3247 1033 3308 conatibus

55 3343 158 3404 tutati
182 3341 294 3414 simus,
317 3342 495 3416 Nostraque
511 3339 682 3416 vigilantia
703 3359 770 3401 eam
786 3343 936 3401 hactenus
951 3339 1034 3400 obti-

55 3437 166 3498 nuerit
188 3437 265 3494 haec
287 3435 383 3495 Sedes
405 3453 524 3512 pacem,
547 3453 608 3510 qua
628 3433 693 3493 irui
715 3453 732 3493 e
753 3436 924 3512 longinquo
946 3435 1034 3494 vide·

54 3548 138 3590 mur.
165 3529 296 3591 Utinam
319 3546 380 3606 pax
402 3527 509 3604 eliqua
530 3527 656 3589 tandem
678 3527 891 3600 illucesceret,
915 3531 949 3587 et
973 3543 1033 3584 non
