2606 4268
263 400 324 440 non
347 383 495 446 scriveal
514 384 692 460 medesimo,
704 388 976 466 mariponetutte
989 390 1021 451 lc
1034 389 1228 450 aua-fidncia
1299 374 1300 385 ¹

266 491 283 532 e
305 492 453 552 speranza
473 479 557 540 della
578 480 617 540 di
631 481 673 540 lei
688 481 895 559 religiositas
909 486 1080 545 destrezza.
1097 487 1228 545 Intantc

264 567 355 644 piene
376 569 408 628 di
433 571 526 634 stirne
544 573 587 632 mi
609 575 793 635 conformor

345 667 445 726 Roma
467 667 505 728 19
526 671 698 730 settembre
721 671 809 732 1795.

723 765 762 824 F.
778 765 818 824 X.
833 761 930 826 card.
950 766 989 826 ale
1005 767 1142 827 Zelada.

592 969 742 1025 lentim
760 974 898 1027 veruto

425 1114 581 1176 DOMINO
602 1117 756 1178 ΑΒΒΑΤΙ
776 1121 827 1179 ΒΕ
848 1120 903 1180 LA
923 1119 1065 1179 PALME

276 1265 278 1270 ’
377 1258 506 1321 Vicario
533 1260 688 1324 Generali
709 1265 860 1327 dioecesis
884 1263 1122 1326 Camberiacen.

410 1389 414 1398 ¹
504 1433 513 1464 ν
537 1421 779 1479 Illustrissime
799 1422 953 1480 Domine.

324 1587 401 1648 Oum
423 1587 539 1648 selecta
559 1589 769 1668 congregatio
792 1608 884 1667 snper
905 1590 1051 1668 Negooiis
1066 1589 1228 1650 Ecclesia·

263 1681 352 1740 stiois
366 1681 556 1753 Galliarum,
572 1681 658 1741 iussn
674 1679 762 1743 SSrini
774 1683 896 1743 Domini
907 1684 1029 1756 Nostri,
1041 1683 1230 1760 expenderit

266 1774 451 1850 petitionem
473 1774 629 1850 Panisseti
651 1776 785 1852 episcopi
808 1777 922 1836 intrusi
946 1777 1137 1848 Sabaudiae,
1169 1793 1227 1834 nec

265 1885 327 1926 non
354 1867 519 1942 epistolam
541 1868 770 1928 Dominationis
791 1873 882 1942 tuae,
905 1869 1068 1946 praedicta
1089 1871 1230 1946 Congre-

266 1961 365 2038 gatio,
381 1961 486 2020 eodem
503 1958 600 2021 SSn'no
615 1965 651 2022 D.
669 1965 708 2024 N.
727 1964 887 2039 probante,
904 1981 1032 2041 eaquae
1053 1966 1229 2039 sequuntur

269 2053 341 2114 Tibi
362 2055 567 2132 significanda
587 2055 797 2118 existimavit.

318 2150 351 2220 I·
374 2149 502 2208 Falsum
525 2139 650 2209 omnino
671 2169 750 2224 esse,
766 2151 976 2212 Sanctitatem
991 2151 1085 2211 Suam
1100 2166 1155 2226 per
1178 2149 1229 2208 in·

265 2242 424 2320 cognitum
448 2244 658 2318 sacerdotem,
688 2243 910 2304 absolvendum
936 2243 1096 2303 mandasse
1120 2241 1230 2302 Panis·

266 2339 384 2395 sctum:
411 2337 609 2412 quamobrem
631 2339 658 2397 si
681 2342 775 2397 antea
799 2337 963 2422 dpbitabas
989 2339 1025 2396 de
1051 2334 1230 2395 huiusmodi

265 2429 480 2502 absolutione,
502 2433 590 2490 certa
610 2432 698 2490 modo
719 2430 778 2490 tibi
799 2431 863 2490 erit
883 2430 1007 2491 falsitas
1028 2429 1163 2495 huiusce,
1177 2445 1230 2487 as·

267 2522 426 2583 sartionis.

327 2618 367 2676 Il.
390 2617 590 2678 conditiones
618 2617 656 2676 ab
683 2617 816 2678 intrusis
843 2619 1032 2696 implendae,
1059 2617 1229 2692 antequam

268 2710 473 2770 absolutionis
494 2711 641 2771 beneficio
663 2712 771 2770 donari
788 2712 919 2788 possint,
936 2729 954 2770 a
972 2712 1149 2771 Sanctitate
1164 2709 1231 2768 Sua

265 2804 477 2880 praescriptas
498 2804 594 2864 fnisse
616 2805 805 2882 Apostolicis
819 2805 960 2864 ¹Litteris
982 2805 1013 2862 in
1036 2803 1136 2862 fornia
1149 2803 1231 2861 Bre-

269 2897 319 2958 vis
339 2897 401 2956 diei
424 2899 461 2957 13
482 2898 563 2958 lunii
587 2899 665 2958 1792
686 2897 887 2976 sequentibus
908 2897 1013 2956 verbis
1026 2927 1047 2941 -
1061 2903 1091 2954 et
1112 2911 1153 2953 ne
1176 2896 1232 2954 ab·

269 2992 443 3050 solutiones
470 2990 654 3049 bainsrnoali
675 2989 830 3070 (loquitur
851 2990 1010 3050 Sanctitas
1031 2990 1095 3050 Sua
1117 2992 1154 3048 de
1176 2989 1232 3050 ab·

269 3080 478 3141 solutionibus
504 3099 582 3158 qnae
603 3083 734 3143 intrusis
758 3085 877 3144 dandae
904 3083 1017 3160 erunt)
1047 3085 1231 3143 inconsulto

269 3175 498 3246 concedantar,
523 3182 582 3233 ant
602 3177 670 3234 sint
683 3179 771 3238 inter
785 3195 817 3237 se
831 3177 1003 3254 difformes,
1021 3177 1231 3237 inhaerentes

268 3267 331 3326 Nos
354 3269 490 3326 concilio
517 3267 661 3328 Nicaeae
682 3279 714 3330 et
734 3272 922 3347 benianicri
942 3271 1105 3332 Ecclesiae
1132 3271 1233 3331 disci·

264 3363 396 3438 plicae,
421 3363 564 3420 iabemns
584 3364 787 3424 intrusorem
815 3367 936 3424 absolvi
956 3366 1136 3436 neminem,
1160 3366 1234 3424 nisi

264 3455 1233 3535 prinsscriptoeiuraveritcivicnmsacramentam,illosque

267 3563 390 3614 errores
416 3549 476 3624 qai
495 3550 588 3608 ciuili
602 3553 831 3610 constitutione
845 3553 924 3612 cleri
941 3551 1110 3612 Gallicani
1124 3554 1233 3612 conti-
