2632 4262
308 347 344 405 ut
364 345 497 404 caveant
517 357 536 402 a
556 339 708 418 periculo.
730 341 861 418 Magnas
882 355 948 400 esse
962 356 999 400 ac
1012 339 1157 416 opinione
1172 340 1261 399 maio-

306 454 368 510 res,
392 454 469 513 quae
490 436 692 512 pararentur,
715 435 861 510 insidias3
883 434 1111 512 earundemque
1126 439 1261 494 contem-

307 535 363 609 ptu
386 534 418 590 et
440 529 634 606 negligentia
648 531 785 606 quotidie
807 529 1035 590 immanitatem
1056 546 1199 590 crescere
1212 531 1261 589 ho-

307 624 413 684 stium.
447 621 536 685 Nihil
564 640 630 682 esse
659 624 691 682 in
720 624 892 702 Republica
918 622 1088 700 suspectius
1116 627 1260 702 oportere

299 717 510 777 ‚clandestinis
532 717 778 776 conventioniis:
803 737 858 778 nec
880 717 979 777 ullum
1001 735 1067 778 esse
1091 735 1191 794 genus
1211 719 1260 776 ho·

306 811 436 882 minum,
452 810 504 887 qui
526 813 606 887 quod
628 817 713 872 recte
734 811 897 883 facerent,
919 811 1024 871 efferri
1043 811 1148 888 palam
1171 815 1262 887 atque

306 903 339 961 in
361 903 466 964 oeulos
486 903 625 963 omnium
647 904 888 962 erubescerent:
912 904 1095 980 omninoque
1117 903 1261 962 tenebras

306 1015 473 1073 numquam
495 998 554 1056 nisi
570 998 607 1058 ad
622 997 740 1058 scelera
753 997 874 1074 quaeri3
891 999 924 1056 et
937 997 1047 1058 tristes
1061 1015 1155 1074 saepe
1170 995 1261 1055 fuisse

306 1107 459 1167 nugarum
475 1093 509 1150 et
522 1091 664 1150 ludorum
680 1091 782 1167 specie
804 1091 984 1167 tragoedias
995 1090 1165 1150 excitatas.
1182 1090 1261 1156 Quae

305 1182 429 1259 quidem
450 1188 484 1244 et
504 1184 647 1244 Pastoris
667 1184 920 1261 vigilantissimi,
942 1188 975 1244 et
996 1184 1106 1244 Patris
1127 1183 1262 1242 omniun

305 1277 520 1356 amantissimi¹
535 1276 697 1354 praeclara
718 1277 855 1350 monita,
879 1277 999 1337 utinam
1030 1295 1069 1336 ne
1091 1277 1145 1336 vel
1174 1275 1262 1334 nimis

303 1386 374 1429 sero
396 1372 612 1431 commendata
633 1373 665 1430 et
686 1371 822 1446 agnita,
846 1371 895 1430 vel
921 1370 1013 1430 nimis
1033 1371 1099 1430 cito
1120 1387 1263 1446 compro-

303 1463 377 1524 bata
398 1468 502 1524 essent
522 1468 650 1537 eventu,
673 1467 766 1542 atque
789 1466 847 1524 hac
870 1467 940 1524 tota
961 1463 1203 1541 perturbatione
1233 1481 1263 1521 ac

304 1559 468 1618 eversione
491 1577 608 1631 rerum,
624 1577 702 1635 quae
724 1561 831 1636 postea
852 1558 943 1618 brevi
964 1559 1155 1633 consequuta
1176 1561 1239 1616 est.

365 1651 468 1711 AtPii
481 1669 610 1727 magnus
625 1651 747 1711 animus
760 1671 819 1710 non
830 1653 920 1710 modo
932 1653 1011 1710 hanc
1022 1651 1160 1710 omnium
1169 1669 1263 1727 paene

305 1743 444 1820 gentium
469 1743 621 1802 incuriam
645 1744 840 1820 pervidebat3
861 1761 971 1803 verum
990 1743 1071 1802 illud
1093 1744 1194 1803 etiam
1220 1745 1264 1802 in-

304 1837 483 1913 telligebat,
498 1837 524 1894 si
539 1838 660 1912 quando
679 1836 854 1896 incendium
870 1837 1005 1896 excitari
1019 1839 1052 1894 et
1066 1837 1264 1914 conflagrare

302 1928 465 2004 coepisset,
490 1929 584 1988 nullis
606 1947 672 1988 esse
693 1931 896 1988 coercendum
918 1929 1043 2002 linibus,
1061 1929 1187 2006 totique
1205 1933 1266 1990 Ita-

301 2021 364 2081 liae
393 2022 578 2082 vastitatem
604 2023 787 2084 allaturum.
812 2023 892 2088 Quos
920 2021 976 2081 ille
998 2024 1055 2082 hac
1084 2025 1135 2081 tot
1157 2025 1266 2083 tanto-

304 2136 432 2194 rumque
462 2117 613 2176 malorum
643 2113 861 2192 praesensione
883 2115 986 2174 animo
1008 2132 1164 2191 angores,
1189 2137 1266 2196 quas

303 2218 480 2284 aerumnas,
492 2227 570 2287 quae
585 2209 797 2269 cruciamenta
819 2227 875 2266 nou
901 2209 1048 2269 habuerit
1063 2229 1189 2270 necesse
1206 2211 1266 2272 estt

302 2308 344 2366 Et
367 2310 469 2365 tamen
488 2305 569 2372 ,satis
591 2321 656 2364 esse
679 2303 801 2363 muneri
830 2321 884 2362 suo
907 2307 1054 2379 poterat,
1077 2305 1173 2364 semel
1204 2325 1267 2366 mo

302 2397 423 2456 unisse:
437 2415 514 2474 quae
536 2416 587 2457 res
608 2417 644 2456 ne
660 2398 740 2475 apud
763 2400 867 2457 hostes
881 2397 1004 2473 quidem
1020 2397 1102 2474 ipsos
1117 2417 1266 2476 magnam
1302 2405 1303 2410 ’

302 2494 373 2551 erat
393 2491 544 2550 invidiam
567 2491 732 2564 habitura3
756 2491 869 2568 quippe
890 2491 942 2566 qui
965 2491 1080 2567 optime
1101 2492 1266 2573 intellige·

302 2588 395 2657 rent,
423 2585 561 2662 partium
583 2603 649 2643 esse
671 2585 836 2644 Pontificis
857 2584 887 2642 id
910 2583 1031 2658 facere;
1056 2603 1111 2644 nec
1133 2605 1267 2664 magno-

302 2696 375 2755 pere
397 2676 521 2737 crimini
536 2674 730 2736 'vertendum
752 2695 828 2748 esse,
853 2677 878 2736 si
901 2677 1046 2737 Pontifex
1061 2680 1144 2736 esset
1158 2681 1267 2739 consi-

301 2773 416 2832 liorum
438 2775 559 2845 auctor,
583 2771 732 2842 monitor,
749 2769 887 2844 adiutor,
904 2789 982 2845 quae
1006 2772 1041 2830 ut
1063 2773 1154 2831 daret
1176 2771 1266 2831 locus

301 2865 366 2942 ipse
389 2883 462 2924 suus
483 2870 516 2924 et
537 2865 661 2940 reliqua
675 2863 812 2940 dignitas
835 2864 1049 2940 postulabant.
1065 2867 1200 2939 Urgere,
1218 2865 1267 2922 in-

268 2960 271 2965 ’
301 2961 398 3028 stare,
422 2960 508 3018 nullo
529 2971 585 3018 nee
607 2959 692 3029 loco,
716 2975 773 3015 nec
794 2975 914 3016 cessare
937 2961 1095 3032 tempore;
1118 2957 1177 3027 hoc
1198 2957 1265 3015 cri-

301 3066 370 3106 men
394 3055 463 3108 erat
484 3049 631 3109 Pontifici
652 3052 731 3127 apud
755 3051 896 3109 homines
916 3048 1180 3124 improbissimos3
1205 3050 1264 3107 hoc

300 3143 494 3200 aestuantem
515 3143 692 3217 pectoribus
713 3143 792 3204 iram
814 3141 903 3219 quasi
924 3141 1059 3200 admotis
1081 3140 1200 3200 facibus
1215 3143 1262 3200 in·

299 3232 495 3304 flammabat3
519 3235 576 3294 hoc
597 3236 754 3294 furentem
777 3235 947 3294 ulciscendi
971 3233 1070 3306 sitim,
1093 3233 1259 3311 magnique

300 3327 410 3385 edendi
428 3329 564 3406 exempli
580 3329 743 3388 libidinem
759 3330 960 3403 incendebat;
977 3329 1009 3388 in
1024 3347 1083 3405 quo
1098 3329 1157 3388 sibi
1172 3346 1260 3406 prae·

300 3419 417 3479 claram
439 3423 572 3498 positam
594 3441 660 3482 esse
683 3423 816 3506 gloriam
838 3424 1091 3484 arbitrabantur.
1108 3425 1167 3484 Sed
1184 3424 1258 3482 Pius

300 3514 442 3590 urgebat,
466 3515 626 3598 instabat,
651 3514 737 3573 nullo
761 3533 814 3574 nec
837 3516 915 3589 loco,
940 3533 996 3574 nec
1018 3517 1161 3576 cessabat
1182 3517 1258 3575 tem·
1302 3541 1303 3544 ¹
