2632 4262
668 316 705 329 -
726 286 786 346 292
808 317 846 330 ..

374 407 433 470 que
453 391 597 469 Episcopi
616 393 721 469 Agrae
736 396 770 452 et
784 393 905 454 Vicarii
923 397 1096 473 Apostolici
1111 401 1158 460 te·

372 503 458 546 mero
486 487 686 565 usurpantis,
716 487 749 548 in
771 487 971 550 Britanniam
998 491 1157 568 proiectus

373 579 486 642 fucrit:
508 580 672 657 ipsumque
692 586 858 658 praeterea
878 583 972 661 eligit
996 585 1028 644 in
1056 588 1157 649 totius

374 673 533 736 exercitus
557 673 759 736 ordinarium
791 677 828 736 ad
861 677 965 738 instar
997 680 1157 756 capellani

371 767 513 831 Maioris.
545 766 602 828 Oui
623 770 789 844 praeterea
808 767 993 830 facultatem
1014 771 1157 848 imperti·

375 867 429 926 tur
464 861 648 921 consulendi
677 861 838 938 spirituali
870 863 1010 924 fidelium
1040 865 1161 926 aliena-

372 975 443 1018 rum
465 955 660 1016 dioecesium
672 957 763 1030 bono,
777 957 900 1032 quoties
915 961 1020 1018 tamen
1036 977 1073 1019 ea
1086 959 1156 1019 loca

369 1051 515 1130 legitimo
526 1054 655 1116 careant
665 1049 879 1110 ecclesiastico
890 1052 1063 1128 superiore:
1079 1054 1156 1112 haec

373 1161 451 1204 vero
466 1143 570 1204 omnia
590 1143 627 1203 ad
644 1158 765 1216 ¹isarnum
778 1161 872 1202 unum
889 1145 1042 1204 concedit.
1076 1163 1153 1223 pap.
1197 1148 1237 1205 77

273 1241 353 1302 1794
373 1236 685 1300 5Martii-Litterus
700 1243 784 1294 tuas.
798 1239 970 1297 Ludovico
982 1241 1154 1300 stanislao

371 1333 519 1393 xaverio
541 1330 668 1390 comiti
688 1331 899 1389 Provinciae.
915 1330 1007 1390 Dolet
1023 1331 1155 1406 petitio-

370 1425 420 1486 nis
440 1425 508 1484 eius
529 1423 761 1499 argumentum:
774 1424 809 1480 at
829 1423 972 1480 coactum
986 1439 1019 1481 se
1033 1421 1155 1483 fatetur

367 1519 491 1580 aditum
514 1516 717 1594 praecludere
738 1514 924 1591 Emigratis‚
946 1515 999 1592 qui
1014 1516 1102 1574 exire
1117 1517 1156 1576 ab

369 1611 502 1674 Etruria
522 1610 689 1682 iubentur3
712 1608 948 1669 Ecclesiasticus
972 1613 1076 1670 mmen
1102 1628 1154 1670 ex-

372 1705 450 1782 cipit
495 1745 1092 1764 ............
1134 1721 1153 1764 s
1193 1703 1233 1762 81

371 1797 521 1875 lAprilis
534 1831 548 1843 -
562 1798 728 1874 Responsa
742 1797 823 1856 data
836 1816 854 1856 a
869 1796 1075 1858 sanctissimo
1096 1800 1156 1857 Do-

369 1891 454 1952 mino
475 1892 591 1952 Nostro
614 1893 650 1950 de
678 1890 810 1953 consilio
840 1891 978 1952 selectae
1007 1891 1156 1951 Gardina-

369 1986 448 2048 lium
458 1984 716 2061 congregationis
728 1985 875 2044 diversis
888 1986 1151 2055 quaestionibus

368 2081 481 2152 eidem
502 2079 686 2138 sanctitati
707 2079 794 2137 Suae
813 2080 1037 2149 propositis.
1083 2122 1090 2138 .
1132 2096 1152 2139 s
1193 2079 1235 2138 82

406 2177 451 2235 De
472 2169 657 2232 assistentia
677 2169 816 2230 fidelium
838 2170 990 2231 sacrificio
1012 2172 1155 2232 euchari-

369 2268 460 2339 stico,
483 2263 623 2340 vesperis
645 2263 778 2340 aliisque
806 2264 940 2340 publicis
966 2265 1111 2342 precibus
1136 2285 1155 2326 a

368 2361 473 2420 iurato
494 2359 629 2434 parocho
649 2357 702 2416 rel
722 2359 881 2418 sacerdote
907 2358 1087 2418 celebratis.
1110 2361 1155 2419 De

367 2452 562 2514 absolutione
573 2453 607 2509 et
618 2452 832 2511 communione
846 2449 944 2512 etiam
958 2451 991 2510 in
999 2443 1154 2512 Paschate

367 2546 420 2608 vel
441 2545 475 2605 in
496 2543 612 2603 mortis
635 2543 771 2605 articulo
799 2547 837 2606 ab
866 2545 978 2606 iisdem
1006 2547 1153 2622 petenda.

366 2641 447 2706 Item
468 2639 505 2699 de
527 2640 721 2698 sacramento
742 2637 948 2716 Baptismatis
977 2655 1013 2698 ac
1033 2637 1154 2715 patrini

368 2751 515 2808 muner03
538 2733 616 2793 item
637 2731 675 2792 de
689 2735 884 2794 sacramento
897 2731 1103 2806 matrimonii,
1120 2735 1155 2791 et

367 2829 406 2888 de
426 2826 640 2888 benedictione
661 2825 829 2886 mulierum
849 2828 921 2903 post
941 2827 1080 2902 partum.
1107 2825 1153 2884 De

367 2919 584 2990 consumendis
597 2918 708 2980 hostiis
722 2918 926 2992 consecratis,
942 2937 980 2977 ne
994 2917 1027 2976 in
1042 2934 1152 2978 manus

367 3005 579 3084 Iatrusorum'
589 3012 770 3073 deveniant.
794 3014 838 3072 De
860 3011 947 3071 cultu
976 3011 1152 3072 exhibendo

366 3108 477 3175 iisdem
508 3107 621 3168 hostiis
648 3106 840 3168 consecratis
867 3102 905 3166 ab
933 3105 1077 3166 intrusis.
1106 3107 1152 3166 De

366 3201 472 3277 poenis
493 3203 605 3262 contra
618 3218 671 3261 eos
685 3200 738 3278 qui
752 3199 961 3261 iuramentum
980 3199 1154 3277 praestite-

366 3298 443 3354 runt
462 3293 624 3356 libertatis
639 3299 672 3355 et
686 3294 890 3374 aequalitatis
908 3295 1093 3355 servandae.
1109 3295 1154 3354 De

365 3386 518 3456 facultate
526 3387 700 3464 postulata,
716 3392 753 3450 ut
767 3389 980 3450 sacerdotibus
993 3387 1091 3448 liceat
1105 3403 1154 3448 sa·

362 3481 508 3548 eraclea
532 3498 714 3550 consecrare
757 3524 1086 3544 .......
1129 3495 1149 3540 a
1186 3478 1227 3538 ib.
1280 3479 1281 3537 l

384 3575 565 3641 induam
587 3591 766 3639 concessum
788 3574 933 3638 fidelibus
953 3573 1057 3652 Regni
1078 3571 1153 3636 (ial-
1278 3539 1280 3625 i
