2624 4260
462 271 645 330 -187-

70 377 244 436 afferebaut
275 376 449 438 solutiones
484 378 701 454 quaestionum
732 379 927 451 difficilium,
966 367 1036 438 oum

69 465 280 530 calumniator
309 471 413 530 nullus
443 471 590 531 instaret.
621 473 780 548 Numquid
810 473 847 530 de
875 471 1036 532 Trinitate

69 563 209 642 perfecta
239 566 411 624 tractatum
434 567 483 623 est
504 567 671 640 antequam
694 565 892 624 oblatrarent
912 565 1037 624 Arianit

67 655 225 734 Numquid
248 657 286 715 de
307 657 503 734 poenitentia
522 656 661 736 perfecte
684 661 857 716 tractatum
879 660 928 716 est
949 663 1037 718 ante-

68 769 159 828 quam
186 751 377 812 obsisterent
397 753 584 814 Novatianit
606 753 657 812 Sic
679 771 738 811 non
751 753 899 828 perfecte
921 755 958 811 de
979 754 1035 812 ba-

68 845 218 920 ptismate
240 850 414 906 tractatum
436 851 486 906 est
508 850 675 923 antequam
690 847 944 906 contradicerent
959 847 1037 905 foris

68 928 431 1016 positi'rebaptizantem
455 959 510 998 nec
531 941 568 998 de
589 940 658 1016 ipsa
680 939 802 998 unitate
822 940 940 1001 Christi
963 959 1038 998 enu-

69 1031 170 1090 oleate
193 1031 279 1091 dicta
300 1037 404 1104 erant,
421 1051 498 1108 quae
522 1033 606 1092 dicta
627 1035 713 1102 sunt,
731 1032 790 1091 nisi
806 1041 969 1109 postquam
991 1052 1038 1092 se-

68 1127 193 1202 paratio
215 1126 279 1185 illa¹
293 1145 406 1203 urgere
428 1127 530 1203 coepit
551 1127 669 1188 fratres
691 1128 844 1198 infirmos,
861 1132 896 1187 ut
911 1128 971 1188 iam
987 1128 1037 1186 illi

68 1220 122 1295 qui
146 1223 302 1278 noverant
324 1221 400 1280 haec
422 1222 575 1293 tractare,
593 1240 628 1281 ae
643 1222 826 1292 dissolvere,
844 1239 881 1277 ne
897 1221 1039 1295 perirent

67 1312 188 1372 infirmi
209 1312 376 1372 sollicitati
398 1312 610 1386 sermonibuS,
633 1319 667 1372 et
688 1311 954 1388 disputationibus
979 1312 1039 1370 im·
1129 1379 1130 1386 χ

67 1407 206 1484 piorum,
231 1408 437 1482 sermonibuS,
460 1411 493 1468 et
512 1406 779 1486 disputationibus
803 1407 935 1465 obscura
959 1406 1039 1482 legis

68 1502 102 1559 in
125 1501 285 1578 publicum
308 1502 529 1561 deducerent»
544 1500 602 1577 (l).

130 1595 304 1667 Quorsum,
327 1595 524 1655 venerabiles
545 1595 693 1666 Fratres,
716 1595 793 1652 haec
815 1596 853 1652 ad
875 1595 940 1653 Vos
962 1592 1039 1651 scri·
1123 1606 1126 1610 ’

68 1689 194 1748 bimus?
207 1691 277 1749 Non
300 1693 387 1748 certe
409 1691 445 1746 ut
467 1689 631 1746 doceamus
645 1689 720 1759 Vos,
737 1705 867 1762 quorum
882 1706 951 1747 cum
966 1705 1038 1745 con·

68 1782 220 1840 stantiam
243 1787 276 1840 et
297 1781 409 1853 fidem,
434 1784 500 1839 tum
530 1781 697 1858 praecipue
719 1781 903 1858 sapientiam
930 1781 1039 1858 singu-

65 1876 167 1936 larem
191 1892 315 1952 semper
335 1873 445 1933 mirati
460 1892 577 1946 sumne,
594 1876 647 1933 sed
669 1878 706 1934 ut
727 1893 833 1934 rerum
856 1879 919 1934 tam
942 1875 1039 1934 admi·

67 1971 241 2028 randarum
270 1966 487 2026 recordatione
517 1985 586 2024 oum
613 1969 697 2039 Vos,
727 1971 793 2026 tum
822 1968 1038 2044 Nosmetipsos

67 2061 289 2133 consolemur,
319 2060 473 2134 simulque
499 2061 536 2118 ut
560 2059 643 2118 omni
668 2079 811 2120 moerore
836 2063 974 2138 deposito
999 2082 1039 2122 ex

68 2159 119 2214 tot
140 2155 282 2214 adversis
302 2173 380 2230 quae
402 2153 554 2231 patimur,
578 2172 615 2213 ea
634 2155 731 2216 Nobis
753 2155 848 2214 etiam
871 2156 949 2215 bona
971 2157 1039 2231 pol-

67 2250 235 2321 liceamur,
251 2267 329 2324 quae
350 2248 382 2306 in
404 2247 574 2308 Ecclesiam
597 2266 719 2324 semper
740 2252 875 2332 suntor
896 2250 1039 2310 adversis

67 2341 230 2419 profecta3
253 2359 350 2418 eaque
373 2344 461 2400 tanto
482 2339 579 2402 Nobis
601 2341 756 2416 ampliora
777 2345 871 2418 atque
893 2343 1038 2402 uberiora

68 2437 298 2513 polliceamur,
329 2438 444 2511 quanto
475 2435 605 2510 gravior
640 2435 841 2512 acerbiorque
871 2437 1038 2496 tribulatio

67 2530 145 2588 haee
167 2534 229 2598 est,
252 2547 344 2604 quam
365 2533 489 2587 ceterae
512 2528 596 2587 ullae
617 2527 749 2599 fuerint,
773 2548 791 2588 a
812 2530 923 2605 quibus
949 2529 1040 2588 novi·

68 2640 139 2682 mus
163 2621 316 2682 iactatam
342 2622 416 2680 olim
436 2621 610 2682 Ecclesiam
633 2621 728 2680 fuisse
751 2641 786 2681 ao
807 2623 1035 2698 perturbatam.

130 2715 325 2791 Quamquam
347 2717 511 2792 veroquid
529 2717 566 2774 de
582 2714 699 2774 futuris
714 2716 873 2775 Ecclesiae
889 2715 976 2774 bonis
992 2733 1040 2772 co-

69 2809 222 2884 gitamus,
236 2827 305 2866 cum
321 2808 383 2866 iam
398 2808 618 2886 praesentibus
633 2808 847 2884 perfruamur?
857 2810 946 2868 Anne
964 2825 1038 2866 vero

69 2905 147 2962 adeo
174 2919 299 2978 parva,
322 2905 379 2960 aut
399 2920 498 2978 pauca
520 2901 619 2962 istaec
641 2903 720 2960 bona
741 2905 837 2973 sunt,
863 2905 898 2960 ut
920 2901 1039 2960 caiam

69 3012 257 3071 cognoscere
273 2997 474 3071 nequeamus?
488 2995 636 3054 Profecto
653 2994 677 3053 si
694 2993 771 3052 nihil
787 2993 872 3052 aliud
894 3011 934 3052 ex
955 2993 1040 3052 hisce

68 3089 246 3162 laboribus,
270 3088 381 3165 quibus
402 3089 586 3165 premimur,
602 3092 799 3148 consecutam
822 3088 882 3148 iam
905 3105 972 3147 esse
985 3090 1042 3148 Ec-

69 3183 200 3242 clesiam
227 3181 428 3254 videremus,
457 3182 516 3240 nisi
540 3185 621 3258 quod
643 3182 675 3239 in
698 3185 789 3242 tanto
811 3183 868 3241 hoc
890 3181 937 3240 rei
957 3181 1042 3240 chri-

68 3276 193 3336 stianae
209 3280 297 3335 motu
309 3276 499 3352 Evangelica
519 3276 576 3334 illa
598 3275 688 3352 (quae
704 3277 824 3336 tamdiu
847 3276 883 3334 ad
906 3275 974 3334 eius
995 3293 1042 3333 se-

69 3368 244 3428 curitatem
267 3369 393 3429 abonis
416 3368 558 3428 omnibus
577 3366 828 3444 desiderabatur)
850 3368 1040 3428 zizaniorum

133 3499 174 3554 (1)
190 3499 217 3544 S.
229 3498 366 3556 augustin.
378 3500 456 3546 Enar.
473 3499 500 3546 in
516 3499 607 3558 psalm.
625 3500 691 3546 LIV.
710 3511 736 3546 n.
754 3499 785 3544 22
801 3496 860 3546 edit.
884 3499 966 3544 Maur.
984 3499 1042 3544 An-

68 3575 153 3632 tuerp.
174 3573 245 3620 1700.
