2606 4268
665 341 824 402 -84-
890 431 894 438 .

421 473 422 477 Ἰ
472 501 637 578 Responsa
656 500 738 559 data
757 501 1012 577 quaestionibus.

323 639 450 704 occasa
467 638 494 696 1.
510 637 591 696 Num
608 635 752 695 fidelibus
767 633 982 694 liceatdiebus
996 633 1163 692 ferialibus
1179 651 1232 692 sa·
1289 671 1290 690 2

262 731 381 792 orificio
395 729 613 792 Eucharistico
628 729 773 789 assistere
788 727 945 788 celebrato
959 745 978 786 a
993 729 1155 800 Parocbo,
1170 731 1233 787 aut

263 825 407 902 simplici.
420 824 633 900 Presbytero,
648 824 701 900 qui
723 823 858 882 ciricum
880 819 1092 882 iuramentum
1113 823 1232 882 emise—
1289 815 1290 882 J

263 919 355 980 riuti

325 1013 453 1077 Quaeri.
469 1013 500 1072 2.
517 1011 598 1070 Num
622 1009 766 1069 fidelibus
787 1009 883 1070 liceat
903 1008 1073 1070 Dominicis
1093 1008 1230 1085 aliisque
1289 1007 1290 1102 q

263 1107 368 1169 Fastis
389 1106 426 1164 dc
448 1107 614 1182 praecepto
636 1104 743 1164 diebos
765 1104 982 1164 Eucharistico
1004 1102 1164 1162 Sacrificio
1180 1119 1231 1161 as·
1289 1127 1290 1190 p

263 1202 376 1262 sistere
397 1217 415 1258 a
437 1198 695 1276 praememoratis
716 1199 940 1258 Sacerdotibus
962 1197 1147 1258 celebrato?
1289 1193 1290 1278 l

325 1284 453 1359 Quaest.
474 1293 504 1351 3.
527 1291 609 1352 Num
632 1290 776 1350 fidelibus
797 1291 893 1350 liceat
914 1291 1061 1350 assistere
1084 1287 1230 1364 vesperis

263 1406 342 1466 quae
363 1386 575 1456 celebrantur,
591 1383 723 1461 aliisque
744 1384 877 1460 publicis
899 1383 1060 1462 precibus,
1076 1401 1154 1459 quae
1178 1400 1231 1440 rc·
1289 1385 1290 1428 t

263 1481 405 1540 citantur
420 1479 476 1538 sub
491 1477 661 1538 directione
678 1479 821 1548 Perochi‚
837 1483 894 1538 aut
909 1477 1093 1554 Presbyteri
1109 1475 1232 1534 iuratii
1289 1469 1290 1554 l

324 1575 418 1649 Resp.
433 1573 502 1633 Non
525 1571 622 1632 licere
644 1571 807 1645 fidelibus,
824 1572 891 1631 sive
913 1571 1021 1630 diebus
1041 1569 1228 1642 ferialibus,
1289 1557 1290 1560 ¹

264 1671 331 1731 sive
354 1668 543 1740 Dominicis,
571 1669 701 1745 aliisque
722 1668 811 1727 iestis
833 1665 870 1727 dc
898 1671 1065 1744 praecepto
1095 1663 1228 1738 diebus,
1289 1683 1290 1702 ³

264 1765 377 1824 missae
395 1761 540 1822 assistere
557 1763 734 1822 celebratae
747 1783 767 1822 a
780 1763 919 1822 Parocho
938 1760 989 1819 vel
1002 1757 1139 1834 simplici
1154 1759 1230 1816 Pre-
1289 1741 1290 1810 Ῐ

165 1853 167 1856 ’
265 1861 414 1936 sbytero,
437 1856 645 1933 quicivicum
675 1857 886 1916 iuramentum
921 1845 1107 1926 amiserint}
1131 1871 1229 1928 neque
1289 1899 1290 1908 ,

265 1952 381 2012 eisdem
403 1950 547 2010 fidelibus
573 1951 667 2011 licere
689 1951 847 2028 vesperiS,
871 1950 1063 2026 publicisque
1087 1947 1230 2024 precibus

265 2045 424 2118 assistere,
440 2045 551 2121 quibus
572 2045 744 2118 PerochuS,
760 2047 811 2105 vel
834 2045 969 2122 simplex
983 2045 1159 2120 Presbyter
1182 2045 1230 2100 iu·

265 2143 355 2200 ratus
377 2144 511 2216 praeest.
528 2140 603 2198 Cum
619 2139 701 2198 enim
725 2141 827 2198 vetita
840 2156 986 2214 expresse
1001 2137 1099 2196 luerit
1120 2155 1139 2194 a
1153 2138 1230 2196 San-

266 2235 404 2295 ctissimo
431 2231 562 2296 Domino
593 2234 710 2292 Nostro
733 2251 788 2310 per
814 2233 956 2292 Litteras
979 2230 1170 2308 apostolicas
1199 2231 1228 2288 in

266 2327 368 2386 forma
388 2323 500 2384 Brevis
521 2323 583 2382 diei
607 2325 645 2384 la
669 2325 782 2384 martii
810 2326 980 2401 superioris
1002 2323 1076 2384 anni
1097 2325 1228 2400 quaevis

267 2419 507 2481 communicatio
525 2423 771 2495 praesentimus
792 2422 917 2480 diuinis
938 2437 1009 2480 oum
1033 2421 1185 2490 intrusis,
1202 2427 1231 2478 et

266 2516 476 2592 refractarios
496 2531 694 2590 quocumque
715 2517 846 2573 nominee
868 2517 1084 2590 appellentur,
1100 2512 1229 2571 evidens

201 2640 204 2654 ι
267 2609 405 2686 profecto
426 2611 475 2667 est
502 2610 634 2666 vetitam
653 2627 694 2666 -eo
713 2609 779 2684 ipso
801 2609 896 2666 fuisse
919 2607 1229 2666 communicationem

266 2704 298 2763 in
320 2701 436 2762 divinis
467 2719 536 2760 cum
559 2702 725 2774 Paroobis,
749 2701 1000 2778 simplicibusque
1026 2700 1230 2778 Presbyteris

266 2795 392 2867 iuratis,
408 2813 483 2870 quos
504 2794 763 2854 refractariorum
779 2797 902 2854 nomine
919 2795 1027 2855 venire
1044 2811 1134 2853 nemo
1158 2813 1230 2870 pru·
1289 2789 1290 2828 t

267 2890 342 2948 dens
356 2889 504 2964 ambiget.
520 2889 582 2946 lam
600 2905 675 2946 vero
691 2888 716 2945 si
732 2888 839 2946 fidelos
854 2887 1040 2948 assisterent
1053 2886 1168 2946 missae
1184 2905 1230 2946 sa-

266 2981 385 3040 orificio
406 2982 595 3040 celebratos
615 2980 816 3069 Presbyteris
838 2982 965 3054 iuratis,
982 2980 1051 3038 sive
1066 2979 1231 3038 ferialibus

267 3074 387 3146 diebus,
403 3075 469 3132 siva
490 3075 597 3132 diebus
612 3073 701 3132 iestis
717 3077 753 3133 de
775 3085 963 3151 praecepto,
981 3078 1037 3132 aut
1056 3073 1082 3130 si
1105 3073 1232 3132 assiste-

266 3171 339 3226 rent
360 3167 517 3244 vesperiS,
541 3167 673 3242 aliisque
702 3168 834 3244 publicis
862 3169 1024 3242 precibuS,
1047 3185 1127 3241 quae
1150 3167 1232 3240 reci-

267 3265 378 3322 tantur
398 3263 454 3320 sub
470 3261 642 3320 directione
665 3263 811 3336 Paroobi‚
827 3265 882 3321 aut
905 3261 1088 3338 Presbyteri
1109 3261 1230 3333 iurati,

267 3373 335 3415 cum
357 3355 431 3432 ipsis
450 3355 591 3432 proiecto
612 3355 643 3412 in
659 3356 775 3415 divinis
797 3357 1078 3414 communicarent.
1101 3357 1150 3414 Ex
1174 3375 1232 3432 quo

267 3450 346 3508 illud
368 3451 579 3525 consequitur,
595 3449 752 3508 abstinere
770 3450 877 3508 fideles
895 3451 1008 3508 debere
1029 3450 1068 3508 ab
1083 3449 1234 3510 assisten-

267 3540 306 3599 do
329 3545 396 3600 tum
418 3543 527 3602 diebus
548 3543 726 3615 ferialibus,
751 3547 817 3600 tum
840 3543 948 3600 diebus
969 3542 1059 3600 festis
1081 3544 1118 3601 de
1140 3561 1233 3619 prae-

267 3639 370 3712 cepto,
387 3636 497 3695 missae
518 3637 672 3695 sacrificio
698 3636 856 3694 celebrato
881 3637 1085 3710 aParoohis,
1102 3642 1136 3696 et
1157 3637 1234 3698 sim·
