2632 4262
73 361 250 433 afferimus3
273 362 341 437 quis
370 363 493 421 demum
525 362 588 422 erit
615 363 668 439 qui
689 381 856 440 agnoscere
877 363 1033 440 faterique

72 473 109 514 ac
130 457 399 514 commemorando
429 473 620 532 summopere
650 459 864 518 commendare
893 477 953 518 non
980 459 1035 518 de·

71 551 166 622 beat,
189 549 280 608 Pium
308 549 440 609 Sextum
465 549 652 608 Pontificem
681 552 717 610 0.
742 553 786 610 Μ.
816 551 869 610 diu
898 569 965 610 sese
995 552 1033 612 ad

73 661 164 702 omne
186 642 338 720 Martyrii
353 659 450 719 genus
466 641 665 715 informasse,
681 660 818 718 parasse,
835 644 982 718 erexisse,
998 664 1033 705 ac

70 737 378 814 praestantissimum
400 739 438 797 ad
460 735 539 796 illud
562 737 699 795 animum
723 739 887 798 habuisset

134 831 218 897 Quae
240 829 386 907 quoniam
408 832 483 890 adeo
511 830 675 908 perspicua
696 833 729 890 et
750 831 916 892 manifesta
937 835 1032 906 sunt,

72 928 111 983 ut
131 943 220 984 nemo
242 925 296 995 sit,
319 924 369 983 cui
388 925 533 985 dubitare
549 925 660 998 liceat,
676 925 807 1000 illudne,
824 929 936 986 Patres
951 927 1034 986 Enni·

72 1018 264 1090 nentissimi,
287 1018 492 1078 dubitandum
515 1020 590 1091 erit,
614 1038 651 1078 ne
672 1022 943 1095 praestantissimo
965 1021 1034 1081 ani-

70 1129 124 1170 mo
145 1115 179 1170 et
200 1113 237 1171 ad
260 1129 349 1170 omne
371 1112 523 1190 martyrii
538 1131 635 1190 genus
650 1111 830 1185 informato,
847 1117 965 1187 erecto,
981 1132 1034 1191 pa·

71 1207 166 1278 nato,
196 1204 346 1281 martyrii
363 1205 559 1264 nobilissimi
586 1204 705 1264 occasio
734 1205 887 1266 divinitus
912 1207 1034 1267 tributa

71 1299 230 1360 defuerint
251 1301 331 1360 Nam
354 1299 379 1356 si
401 1299 470 1374 quis
497 1299 539 1358 sit
560 1299 613 1375 qui
635 1299 780 1358 dubitare
803 1299 904 1372 veiit;
931 1301 958 1359 is
980 1319 1035 1360 an-

72 1400 126 1454 tea
148 1395 185 1452 de
206 1395 265 1451 hoc
286 1391 353 1468 ipso
381 1391 473 1464 loco,
503 1391 535 1448 in
558 1410 618 1468 quo
645 1409 726 1450 nunc
754 1410 859 1451 sumus
888 1393 1032 1466 dubitet,

72 1488 157 1547 sitne
178 1485 253 1557 alia,
276 1503 314 1545 an
336 1484 395 1543 illa
416 1485 485 1561 ipsa
505 1488 641 1562 angusta
662 1484 815 1544 Vaticana
835 1487 951 1560 Aedes,
974 1506 1034 1564 quo

71 1581 242 1642 convenire
265 1579 491 1656 comploraturi
508 1578 693 1638 Pontificem
716 1578 937 1638 debuissemus
954 1580 1033 1647 Quid

72 1677 157 1736 enim
178 1691 290 1734 causae
311 1677 380 1744 est,
404 1691 459 1732 cur
481 1672 552 1744 hic,
577 1690 637 1730 non
660 1673 777 1731 Romae
799 1674 927 1732 sumus?
954 1674 1033 1740 Quid

72 1771 224 1844 estquod
245 1766 385 1838 animus,
408 1767 488 1842 quod
511 1765 594 1824 oculi
615 1783 806 1841 quocumque
829 1785 861 1824 ne
882 1770 1033 1842 vertant,

71 1863 212 1922 locorum
235 1858 376 1920 novitate
398 1878 495 1936 paene
518 1862 720 1918 deterrentur
741 1877 777 1918 ac
798 1861 976 1933 concidunt,
999 1881 1035 1922 ac

72 1955 133 2016 sibi
157 1973 193 2013 ne
216 1956 356 2014 veterem
379 1953 501 2030 quidem
525 1951 652 2028 lugendi
666 1969 785 2010 morem
808 1953 953 2012 relictum
967 1973 1035 2016 esse

72 2049 206 2128 lugenti
227 2049 353 2108 Adeone
374 2065 559 2124 quemquam
581 2045 686 2104 hebeti
708 2047 765 2104 aut
786 2048 875 2105 tardo
897 2066 963 2108 esse
989 2049 1036 2108 in-

73 2144 166 2222 genio
187 2159 285 2217 posse,
303 2140 355 2216 qui
379 2159 434 2199 nec
456 2143 550 2199 antea
571 2138 690 2209 scierit,
707 2156 763 2196 neo
786 2157 867 2197 nunc
888 2141 1037 2200 memine-

72 2239 130 2310 rit,
154 2235 246 2295 bonis
269 2253 322 2292 nos
344 2233 542 2309 fortunisque
564 2233 718 2304 omnibus,
741 2235 843 2306 domo,
866 2236 955 2307 sede,
977 2255 1036 2314 pa-

72 2331 149 2402 tria,
172 2332 271 2388 Roma
292 2345 348 2403 per
370 2327 433 2385 vim
456 2327 613 2403 depulsos,
629 2327 758 2400 eiectoS,
774 2331 948 2402 protrusus,
963 2348 1036 2406 pro·
1081 2371 1084 2376 -

72 2425 279 2498 turbatosque
301 2421 419 2480 fuisset
441 2423 528 2481 Hanc
551 2424 654 2480 autem
672 2423 794 2480 tantam
810 2421 928 2482 cladem
945 2442 1038 2500 quae-

72 2535 144 2580 nam
166 2515 219 2574 vel
235 2519 355 2585 vestra,
373 2512 424 2571 vel
447 2515 555 2572 nostra
576 2512 730 2586 crimina,
753 2515 867 2574 Patres
887 2515 1037 2576 Eminen-

72 2610 212 2680 tissimi,
235 2606 437 2668 attulerunt?
470 2605 573 2665 Unum
602 2609 727 2667 crimen
752 2616 820 2680 cst,
845 2617 876 2668 et
897 2625 981 2680 esse,
1005 2617 1036 2669 ct

70 2707 194 2782 fuisse,
216 2712 247 2762 et
268 2704 399 2778 futuros
419 2717 482 2759 esse
509 2689 724 2759 Christianos
753 2702 835 2761 Nam
861 2701 914 2779 qui
936 2721 954 2760 a
975 2706 1036 2763 Re-

70 2796 198 2874 publica
218 2798 251 2854 et
272 2795 310 2854 ab
332 2793 399 2870 ipsa
420 2793 654 2854 Constitutione
675 2796 807 2870 Legum,
823 2794 965 2854 inaudito
979 2813 1036 2854 an·

72 2890 166 2949 tehac
188 2887 327 2964 segieno,
354 2903 476 2944 omnem
504 2884 687 2961 religionem
717 2886 929 2962 depulerunt,
957 2887 1035 2947 satis

70 2984 131 3041 hoc
152 2980 219 3058 ipso
242 2978 476 3056 patefecerant,
499 2981 635 3054 quantus
657 2996 763 3037 eornm
786 2978 898 3036 animis
919 2979 1037 3040 inesset

70 3074 271 3137 Christianae
286 3071 581 3149 Religionisamor3
597 3071 741 3148 viamque
757 3075 962 3149 aperuerant,
976 3092 1037 3149 qua

70 3166 213 3227 iudicare
236 3165 413 3226 certissime
432 3182 467 3223 ac
482 3163 549 3223 sine
565 3165 698 3223 errandi
707 3165 848 3240 periculo
864 3183 1035 3242 possemus,

7 3271 8 3308 1
70 3263 197 3319 tantum
220 3260 320 3319 inesse
341 3261 491 3335 quantum
513 3257 552 3316 ab
573 3258 641 3334 ipsa
662 3259 896 3319 Constitutione
918 3277 1038 3335 cogno-

7 3335 8 3402 ἶ
71 3369 242 3413 sceremus.
267 3355 293 3415 A
321 3352 476 3412 fructibus
504 3351 586 3410 enim
612 3370 719 3411 eorum
738 3396 745 3426 ,
767 3354 899 3413 Domino
928 3355 1037 3423 nostro

72 3449 142 3507 lesu
165 3447 293 3507 Christo
315 3450 474 3516 monente,
497 3445 702 3521 cognoscendi
718 3449 822 3505 erant.
839 3446 899 3512 Qui
914 3445 1037 3505 fructus

72 3558 175 3599 annon
198 3540 221 3598 ii
243 3539 384 3612 suerunt,
398 3558 416 3599 a
430 3539 542 3615 quibua
556 3539 652 3599 etiam
673 3539 770 3599 inviti
785 3557 971 3617 cognoscere
986 3539 1037 3599 de·
