2606 4268
76 364 246 424 numquam
275 350 496 412 dimittendam
526 353 673 414 Eiusdem
705 347 917 410 miserationis
945 363 1042 422 spem,

73 457 173 518 eaque
196 444 285 504 unice
307 444 338 504 in
360 445 410 504 his
431 447 644 514 communibus
667 443 863 523 gravissimis
885 439 1043 502 aerumnis

74 539 292 597 sustentamur
314 557 349 598 ac
371 539 520 600 solamur.
538 529 623 608 Quod
640 559 694 599 vos
716 539 811 598 etiam
835 540 871 596 ut
891 531 995 610 agatis
1010 532 1042 590 in

74 629 177 688 tantis
198 643 309 690 rerum
323 633 510 693 'vestrarum
525 631 833 710 perturbationibus
858 645 955 704 neque
978 642 1044 683 um-

73 741 168 798 quam
191 725 229 783 ab
251 725 343 786 illius
363 745 419 804 ope
440 728 590 788 avellatis
612 727 758 786 fiduciam
781 727 931 794 vestram,
946 720 1043 778 etiam

73 825 170 892 atque
193 817 290 877 etiam
312 820 480 882 hortamur
506 840 540 880 ac
563 837 720 898 rogamus.

133 913 180 970 At
209 911 240 970 in
273 915 372 974 tantis
400 917 526 975 dolendi
552 916 653 974 causis
681 913 807 989 aliquod
836 909 974 986 cepimus
1003 922 1043 964 ex

71 1005 210 1068 Litteris
235 1007 297 1066 tuis
314 1007 479 1082 solatium,
496 1012 568 1068 dum
590 1003 668 1084 quae
690 1009 771 1083 apud
784 1007 923 1064 Batavos
938 1001 1040 1058 incre·

72 1103 181 1159 menta
202 1101 288 1161 facta
309 1103 374 1162 sint
394 1093 601 1180 facilitatem
619 1105 736 1180 quibus
756 1101 917 1164 catholica
944 1095 1042 1154 Fides

73 1197 210 1270 pandet,
226 1197 322 1258 Nobis
344 1199 523 1259 luculenter
539 1199 700 1259 describis
718 1198 840 1258 Novam
863 1211 898 1253 ac
922 1189 1043 1250 inaudi-

74 1291 141 1346 tam
173 1297 265 1351 antea
294 1291 465 1369 prImorum
491 1295 558 1352 eius
586 1291 777 1370 retpublicae
800 1290 945 1365 Capitum
966 1301 1043 1360 erga

74 1381 255 1442 Catholicos
282 1385 532 1446 benevolentiam
561 1391 629 1462 post
661 1389 757 1445 Deum
788 1381 903 1442 tribuis
928 1376 1045 1436 sollici-

74 1477 181 1534 tudini
201 1479 316 1538 Nuncii
336 1481 448 1540 Nostri
471 1484 548 1542 Ven.
565 1481 692 1541 Fratris
714 1479 855 1542 Caesaris
876 1472 1044 1549 Archiepi-

67 1569 163 1646 scopi
175 1571 330 1646 Nisibeni,
343 1573 396 1650 qui
408 1575 510 1634 multa
524 1577 596 1634 istic
608 1575 657 1634 his
669 1573 862 1650 temporibus
877 1582 1043 1647 peroppor-

74 1669 156 1722 tuna
178 1668 243 1726 tam
265 1668 360 1738 verbo
382 1685 474 1744 quam
495 1670 639 1746 exemplo
661 1667 838 1745 peragitati
855 1661 1043 1723 remcatho·

74 1757 171 1816 licam
194 1761 437 1835 provehendam,
453 1763 573 1840 ipsique
593 1763 795 1839 Reipublicae
812 1761 922 1818 contra
937 1755 1044 1814 Gallos

74 1855 331 1916 communiendae
353 1858 530 1932 profutura.
556 1861 599 1918 De
621 1859 679 1916 hoc
708 1857 776 1933 ipso
807 1854 928 1932 gratias
952 1849 1044 1907 mise·

74 1945 194 2004 ricordi
210 1951 273 2007 Deo
287 1950 507 2024 persolvimus,
527 1951 688 2028 ipsumque
709 1951 863 2011 Nuntium
878 1948 1042 2012 Nostrum,

74 2055 166 2114 quem
189 2043 283 2100 antea
302 2042 472 2118 plurimum
488 2043 525 2102 ob
541 2062 596 2102 sua
618 2044 733 2102 merita
747 2033 928 2112 dileximus,
941 2037 1043 2095 multo

74 2150 157 2192 nunc
179 2133 328 2194 habemus
350 2153 388 2194 ex
411 2137 467 2194 hoc
488 2137 652 2212 praeclaro
674 2135 853 2196 testimonio
867 2136 924 2192 tuo
939 2130 1045 2188 cario·

73 2244 154 2286 rem.
175 2229 334 2305 Deumque
362 2231 479 2290 iterum
508 2234 602 2307 atque
628 2231 745 2289 iterum
767 2230 983 2296 obtestantes,
1007 2227 1044 2281 ut

73 2323 183 2380 tantas
204 2321 388 2398 populorum
411 2323 564 2399 procellas
585 2325 622 2382 ad
646 2322 870 2398 tranquilliora
884 2317 1043 2380 Ecclesiae

73 2418 220 2490 tempora
240 2415 373 2488 referat,
396 2417 608 2494 Apostolicam
627 2411 980 2488 BenedictionemTibi,
997 2411 1044 2470 di·

73 2506 158 2566 lecte
176 2507 242 2567 Fili
263 2510 392 2582 Noster,
415 2511 540 2588 tuisque
566 2511 708 2570 omnibus
730 2510 762 2568 in
785 2508 969 2569 caelestium
991 2506 1044 2563 do-

75 2618 188 2660 norum
210 2601 406 2678 auspicium,
424 2622 465 2664 ac
486 2607 518 2662 in
539 2606 675 2666 Nostrae
698 2603 794 2662 etiarn
819 2605 969 2680 paternae
991 2617 1044 2657 ca-

73 2695 185 2755 ritatis
206 2695 320 2772 pignus
341 2701 542 2771 peramanter
563 2696 775 2772 impertimur.

133 2791 250 2848 Datum
279 2791 396 2850 Romae
425 2790 474 2848 die
502 2792 574 2850 VIII
600 2789 788 2850 Novembris
813 2785 1040 2854 Muccxcltm

73 2882 285 2942 Pontificatus
304 2882 413 2944 Nostri
435 2901 515 2943 anno
537 2885 609 2942 XX.
