2624 4260
632 245 809 304 -196-

247 353 320 414 bilis
342 355 466 413 omnino
487 351 568 412 ratio
584 355 659 413 novi
680 353 806 414 creandi
822 351 984 415 Pontificis
1006 351 1208 422 redderetur,

247 453 303 508 aut
325 449 434 508 saltem
463 452 570 509 tantae
593 450 640 508 rei
669 449 816 508 celeriter
844 448 1051 525 expediendae
1080 444 1210 504 infinita

246 542 467 620 impedimenta
495 545 738 618 opponerentur.
763 545 890 619 ltaque,
915 545 950 600 ut
972 541 1042 598 huic
1063 538 1208 614 periculo

247 655 306 714 qua
329 635 449 696 ratione
471 653 526 711 per
546 637 610 696 Nos
631 635 700 694 fieri
729 639 853 711 poterat
874 651 1125 706 occurreremus,
1148 651 1208 709 per

247 732 324 792 alias
345 732 477 790 Nostras
499 727 627 788 litteras
648 728 704 786 snb
726 728 852 804 plumbo
874 729 984 800 datas,
1007 729 1051 787 ΙΙΙ
1070 727 1136 787 Gal.
1153 731 1207 787 Ia·

245 843 334 886 nuar.
351 823 558 883 Pontificatus
571 822 682 884 Nostri
704 841 784 882 anno
803 822 951 880 vicesimo
973 820 1082 893 tertio,
1097 821 1208 879 deere-

246 919 349 978 vimus
371 921 407 976 ut
428 919 510 976 esset
530 934 622 992 penes
644 915 810 974 arbitrium
833 916 959 976 maioris
980 915 1080 992 partis
1094 915 1209 976 Oardi-

247 1012 364 1072 nalium
386 1010 438 1086 qui
460 1012 640 1085 praesentes
662 1006 777 1080 essent,
798 1027 868 1067 eum
891 1009 921 1066 in
944 1010 1043 1068 locum
1066 1011 1103 1068 ad
1119 1011 1205 1068 Pon-

246 1107 360 1166 tificem
382 1104 558 1180 eligendum
580 1102 748 1160 convenire
762 1103 815 1178 qui
829 1102 868 1161 iis
890 1103 1092 1179 opportunior
1115 1103 1205 1163 vide-

244 1203 346 1270 retur,
363 1199 533 1272 iisdemque
556 1199 742 1272 potestatem
763 1196 893 1256 fecimus
914 1198 980 1256 sive
998 1197 1203 1273 protrahendi

245 1293 311 1353 sive
332 1289 549 1360 contrahendi,
566 1290 591 1348 si
607 1289 637 1348 id
652 1307 728 1365 opus
749 1293 843 1363 esset,
860 1291 995 1366 spatium
1016 1293 1119 1350 decem
1135 1291 1205 1349 die-

243 1405 313 1447 rum
335 1405 353 1446 a
373 1384 521 1447 Romanis
536 1383 739 1442 Pontificibus
760 1386 1046 1460 praedecessoribus
1060 1384 1201 1456 Nostris,

243 1499 279 1540 ac
305 1480 490 1557 praesertim
512 1497 531 1538 a
551 1480 587 1537 B.
602 1478 753 1554 Gregorio
774 1481 804 1538 X
830 1479 1057 1552 constitutum,
1080 1481 1159 1554 quod
1184 1498 1203 1538 a

243 1573 405 1634 Pontificis
426 1571 512 1630 obitu
534 1572 571 1630 ad
594 1571 769 1648 ingressum
784 1571 816 1630 in
831 1572 984 1632 Conclave
1005 1573 1202 1632 intercedere

244 1667 347 1738 debet,
370 1666 451 1724 haud
474 1667 660 1742 derogantes
689 1669 791 1724 tamen
813 1665 879 1725 ulla
901 1669 1051 1742 exparte
1085 1666 1202 1726 ceteris

243 1758 446 1820 caeremoniis
468 1765 560 1834 atque
583 1758 832 1818 solemnitatibus
854 1777 931 1835 quae
953 1777 1010 1834 per
1031 1761 1202 1818 eorundem

242 1851 428 1911 Pontificum
450 1851 696 1911 constitutiones
718 1852 749 1910 in
766 1852 918 1910 electione
939 1851 1071 1912 Romani
1091 1853 1202 1912 Ponti-

242 1946 310 2005 ficis
330 1943 597 2022 praescribuntur.
614 1947 679 2006 Nec
695 1963 769 2004 vero
784 1948 848 2006 Nos
863 1945 948 2004 inani
972 1945 1125 2004 malorum
1139 1947 1202 2004 im-

241 2039 441 2116 pendentium
469 2036 635 2096 formidine
667 2037 802 2112 perculsi
833 2037 1012 2096 fueramus:
1046 2038 1200 2114 siquidem

241 2133 342 2192 multo
358 2131 505 2208 graviora
526 2150 561 2191 ac
576 2130 813 2190 detestabiliora
834 2134 942 2190 contra
956 2134 1128 2191 Romanam
1143 2134 1202 2191 Ec-

240 2225 367 2284 clesiam
389 2224 514 2298 eiusque
542 2222 723 2281 libertatem
755 2221 825 2280 fieri
846 2223 1002 2294 vidimus,
1026 2240 1118 2298 quam
1139 2222 1201 2283 illa

240 2321 343 2377 essent
373 2335 450 2392 quae
471 2334 490 2374 a
509 2315 606 2376 Nobis
634 2315 865 2381 metuebantur.
889 2315 1092 2374 Venerabiles
1114 2315 1199 2374 enim

240 2412 370 2470 Fratres
391 2408 502 2470 Nostri
516 2409 549 2468 S.
566 2411 605 2468 R.
622 2410 659 2467 Ε.
676 2409 869 2483 Oardinales‚
886 2412 922 2469 ad
939 2428 1015 2486 quos
1035 2408 1201 2486 privativa

239 2501 372 2564 Romani
392 2501 556 2560 Pontificis
577 2505 699 2578 spectat
723 2503 858 2578 electio,
880 2505 932 2563 vel
954 2505 1036 2565 Urbe
1059 2503 1198 2580 expulsi,

239 2597 291 2655 vel
312 2595 344 2654 in
365 2612 521 2654 carcerem
543 2594 687 2668 coniecti,
703 2597 755 2654 vel
776 2597 833 2655 alii
854 2597 950 2655 alium
972 2597 1004 2654 in
1026 2597 1129 2656 locum
1143 2598 1201 2656 de-

239 2689 369 2768 portati,
391 2688 613 2766 patrimonium
635 2689 671 2748 B.
688 2689 778 2748 Petri
799 2689 975 2766 direptum,
998 2691 1078 2748 bona
1097 2690 1201 2748 eccle-

238 2784 355 2845 siarum
370 2783 544 2857 divendita,
561 2782 762 2855 monasteria,
779 2783 918 2858 expulsis
939 2783 1134 2866 regularium
1153 2783 1201 2843 fa-

237 2877 346 2948 miliis,
369 2877 401 2934 in
423 2877 568 2952 profanos
591 2893 664 2936 usus
685 2894 853 2949 conversa,
876 2877 943 2954 ipsa
964 2896 1084 2954 quoque
1107 2877 1202 2936 disci-

236 2969 324 3042 plina
343 2969 499 3028 Ecclesiae
522 2971 719 3046 perturbata,
744 2988 799 3028 nec
821 2970 990 3030 sacerdotii
1012 2970 1200 3030 conculcata

235 3060 417 3120 immunitas
438 3064 550 3132 solum,
574 3065 625 3121 sed
648 3063 743 3123 etiam
765 3064 935 3124 auctoritas
956 3063 1199 3138 circumscripta

236 3153 425 3228 libertasque
447 3155 587 3228 sublata3
603 3157 666 3216 Nos
688 3172 762 3214 vero
777 3155 847 3230 ipsi,
865 3157 916 3232 qui
931 3159 967 3215 B.
984 3155 1074 3214 Petri
1096 3157 1202 3231 patri-

235 3245 331 3305 monii
346 3246 484 3305 vindices
499 3251 591 3322 atque
611 3249 751 3308 custodes
765 3249 930 3308 constituti
952 3267 1068 3322 sumus,
1085 3254 1119 3309 et
1134 3268 1199 3310 me·

235 3339 309 3400 ritis
336 3339 411 3398 licet
431 3339 619 3415 imparibus,
643 3341 689 3401 ita
708 3343 838 3401 Domino
859 3343 1003 3414 volente,
1029 3345 1198 3406 universae

235 3433 353 3495 Christi
373 3431 529 3492 Ecclesiae
551 3451 744 3510 praesumus,
768 3435 894 3512 eiusque
917 3437 1012 3509 vices,
1034 3441 1195 3514 tamquam

234 3527 270 3586 B.
288 3525 376 3585 Petri
398 3543 601 3600 successores,
625 3527 656 3585 in
679 3527 774 3587 terris
797 3528 946 3605 gerimus,
969 3533 1002 3588 et
1023 3532 1197 3592 sacerdotii
