2606 4268
83 435 205 478 summa
225 434 333 477 rerum
355 417 493 477 omnium
515 421 581 478 tam
604 437 775 492 sacrarum,
791 434 883 496 quam
905 416 1048 478 civilium

82 510 232 590 pernicie,
258 527 409 570 summam
431 511 508 570 item
524 513 621 572 animi
636 511 865 587 fortitudinem,
878 529 1047 589 paremque

81 604 114 664 in
129 604 323 682 perferendis
344 621 399 681 pro
415 603 572 682 religione
587 607 821 668 calamitatibus
837 605 1048 666 constantiam

81 699 288 776 agnoscimus,
306 717 367 758 non
389 716 552 775 possumus
574 719 635 760 non
656 702 761 778 aliqua
782 719 821 760 ex
842 703 934 778 parta
959 699 1048 757 obse·

81 798 218 855 cundare
239 795 324 858 votis
352 799 434 871 tuis,
454 813 490 857 ac
511 800 543 858 ln
566 801 622 858 tua
649 799 809 858 intuentes
828 797 962 868 merita,
985 792 1046 852 tibi

80 887 266 966 indulgere,
290 894 370 952 utin
387 895 426 955 iis
442 895 596 968 omnibus,
623 909 700 969 quos
714 891 810 953 Nobis
832 890 1047 950 commendare

81 981 228 1056 voluisti,
244 983 270 1042 si
292 987 429 1061 potiores
450 987 573 1065 aliquos
595 987 632 1046 ob
654 1003 760 1045 eorum
783 985 951 1056 virtutem,
974 979 1050 1040 tibi·

81 1091 139 1150 que
161 1077 354 1153 acceptiores
368 1081 493 1155 habeas,
518 1099 558 1140 ex
579 1079 618 1138 iis
639 1097 698 1138 non
721 1079 828 1155 plures
850 1095 943 1154 quam
957 1074 1045 1151 quin·

80 1185 152 1244 que,
168 1173 225 1228 aut
246 1185 300 1229 sex
322 1173 358 1230 ad
382 1191 534 1232 summum
556 1173 688 1250 sarigas,
702 1175 738 1232 ad
754 1173 903 1234 Nostram
918 1168 1047 1247 pontiti·

80 1263 159 1321 ciam
171 1262 324 1323 ditionem
341 1268 613 1338 transmIttendos,
623 1285 642 1325 a
651 1267 681 1326 N
683 1265 809 1342 obisque
821 1267 876 1324 tua
890 1281 984 1324 causa
998 1281 1048 1322 su·

78 1357 198 1433 peratis
219 1359 461 1436 quibuscumque
478 1359 727 1430 difficultatibus,
748 1359 954 1434 recipiendos
970 1359 1045 1416 Pot-

79 1449 141 1509 eris
157 1450 274 1510 ichrco
297 1471 405 1512 eorum
427 1454 565 1513 indicare
582 1451 718 1522 nomina,
735 1469 794 1529 quo
817 1469 873 1528 per
893 1453 1046 1513 Nostrum

79 1544 227 1603 nuntium
249 1545 448 1604 Helveticum
470 1545 604 1606 facultas
626 1545 661 1604 ad
688 1543 966 1604 Noscommeandi
988 1543 1047 1603 eis·

78 1638 148 1696 dem
173 1637 359 1698 nominatim
383 1639 451 1698 dari
473 1639 584 1716 possit.
601 1638 731 1716 Tibique
752 1655 875 1716 semper
900 1637 1044 1696 uberiora

77 1733 181 1791 divini
204 1733 343 1809 Spiritus
366 1753 496 1794 munera
511 1754 530 1794 a
544 1737 607 1794 Deo
629 1735 803 1810 precantes,
820 1733 851 1792 in
874 1729 1045 1810 singularis

75 1830 231 1901 paternae
247 1817 482 1888 benevolentiae
498 1832 719 1906 argumentum
735 1827 936 1904 apostolicam
952 1825 1043 1884 bene·

75 1919 246 1978 dictionem
267 1925 470 1996 peramanter
490 1921 704 1998 impertimur.

137 2014 253 2071 Datum
276 2015 405 2086 Romae,
425 2015 503 2090 apud
528 2015 676 2072 Sanctum
700 2015 842 2082 Petrum,
859 2011 915 2070 sub
929 2009 1042 2070 annulo

76 2105 264 2179 Piscatoris,
278 2107 328 2164 die
337 2109 440 2168 XVIII
454 2107 593 2168 Ianuarii
606 2107 825 2178 MDOGXGIV,
835 2105 1042 2164 Pontificatus

73 2198 190 2260 Nostri
212 2217 293 2259 anno
314 2201 395 2262 XX..

524 2387 609 2443 xx.

324 2507 575 2550 vaunnamnraus
596 2507 773 2550 ratramus

240 2659 519 2720 MARTIALI
550 2661 885 2722 ALEXANDRO
944 2599 951 2620 ¹

128 2805 288 2884 Episcopo
309 2808 515 2868 Pt'ctaoicosi
535 2811 674 2886 aliisque
694 2808 863 2886 Episcopis
887 2807 993 2868 Gallis

332 2903 491 2980 Friburpi
512 2905 786 2964 commorantibus

187 3066 272 3122 ven.
296 3066 447 3136 Fratres,
466 3065 617 3124 Salutem
641 3071 676 3124 et
696 3065 933 3136 apostolicam

413 3159 709 3219 Benedictionem.

138 3315 207 3374 Etsi
231 3319 321 3377 uotae
342 3317 437 3381 Nobis
460 3318 536 3391 sint,
560 3319 755 3379 venerabiles
776 3319 916 3392 fratres,
946 3319 1045 3379 eccle-

72 3409 275 3470 siasticorum
290 3428 307 3468 e
322 3411 428 3470 Gallia
449 3411 652 3488 profugorum
675 3431 855 3485 aerumnae,
872 3417 976 3473 tamen
989 3431 1041 3472 no·

72 3518 151 3561 vum
165 3501 263 3562 Nobis
284 3503 460 3562 cumulavit
475 3503 614 3562 dolorem
638 3509 746 3566 vestra
767 3505 995 3578 calamitatum,
1009 3506 1042 3564 in

73 3613 153 3672 quas
175 3594 306 3671 plurimi
329 3613 434 3655 eorum
457 3597 653 3671 inciderunt,
677 3598 866 3675 descriptio,
892 3601 1041 3675 tantoque
