2624 4260
676 301 854 360 -174-

710 468 810 525 HV.

471 587 721 634 vunannnmmus
746 589 926 634 rnnrnmos
948 588 1093 634 nosrnrs,

534 733 567 792 a.
585 735 625 793 n.
642 735 678 793 n.
695 733 997 794 onuomnnmos

503 893 676 973 PIUS
728 896 761 972 P
780 893 814 970 Α
832 897 865 972 Ρ
886 895 922 970 Α
967 893 1032 969 VI.

390 1085 476 1140 van.
498 1085 656 1153 Fratres,
671 1098 712 1141 ac
733 1082 863 1141 Dilecti
883 1082 983 1152 Filii,
999 1082 1152 1139 Salutem

462 1184 497 1238 et
515 1179 753 1250 Apostolicam
780 1181 1075 1238 Benedictionem.

349 1341 426 1400 <ium
446 1339 579 1399 dilectus
594 1340 678 1402 filius
694 1341 829 1398 Thomas
848 1339 967 1412 Antiei,
983 1339 1104 1415 pridem
1120 1339 1153 1398 S.
1164 1340 1207 1398 R.
1218 1340 1254 1398 E.
1298 1353 1299 1414 ξ

290 1433 466 1496 Oardinalis
485 1432 575 1492 tituli
597 1435 629 1492 S.
647 1433 767 1492 Mariae
789 1436 877 1492 trans
893 1431 1044 1503 Tiberim,
1062 1429 1185 1490 litteris
1201 1432 1258 1489 da·
1298 1419 1299 1436 ¹

181 1583 184 1588 .
291 1527 332 1587 tis
353 1526 562 1586 die7mensis
584 1525 691 1586 martii
713 1525 786 1585 anni
808 1525 901 1585 huius
918 1526 1007 1595 1798,
1020 1525 1257 1602 significaverit
1298 1573 1299 1616 ἢ

289 1625 385 1686 Nobis
400 1642 444 1696 se,
467 1624 505 1682 ob
525 1623 680 1683 assiduam
702 1623 839 1700 corporis
859 1623 1119 1694 invaletudinem,
1145 1641 1256 1698 parem
1298 1629 1299 1690 l

291 1718 426 1794 amplius
455 1735 515 1775 non
537 1735 604 1776 esse
631 1715 820 1776 sustinendis
849 1718 997 1776 oneribus
1017 1716 1254 1787 Cardinalatus,
1298 1731 1299 1786 ξ

290 1829 349 1887 quo
373 1827 426 1868 nos
446 1828 516 1868 eum
538 1809 758 1887 insignivimus
779 1810 829 1868 die
849 1809 890 1870 30
911 1809 1026 1868 mensis
1047 1808 1174 1882 martii,
1199 1829 1256 1868 an·
1298 1819 1299 1846 ³

290 1922 329 1963 no
346 1904 435 1976 1789,
453 1903 491 1962 ob
510 1920 637 1979 eamque
659 1921 782 1962 causam
797 1903 941 1963 abdicare
957 1921 988 1961 se
1003 1922 1019 1961 e
1035 1920 1164 1961 munere
1180 1905 1257 1964 Gar·

291 1995 449 2056 dinalatus
472 1995 572 2067 velle‚'
589 2000 622 2055 et
643 2013 659 2053 e
681 1995 884 2056 cardinalatu
913 2013 987 2054 vere
1009 2013 1045 2054 ac
1066 1994 1256 2054 solemniter

290 2107 355 2148 sese
377 2087 536 2148 abdicare:
560 2107 689 2165 cumque
703 2091 768 2162 Nos
789 2088 851 2164 ipsi
866 2089 1062 2164 exploratum
1084 2089 1254 2147 habeamus

290 2202 364 2242 vere
380 2201 449 2242 eum
471 2200 601 2259 corpore
623 2183 704 2242 male
725 2183 836 2242 affecto
858 2200 924 2242 esse
939 2201 974 2242 ac
990 2181 1105 2240 morbis
1128 2181 1254 2258 pericu·
1298 2253 1299 2266 χ

289 2276 453 2336 losissimis
468 2276 613 2347 obnoxi03
623 2275 773 2352 siquidem
787 2277 964 2335 morborum
976 2275 1161 2352 gravitate*
1151 2292 1252 2350 ipsum
1298 2281 1299 2372 l

290 2386 349 2426 non
371 2369 494 2427 semel
486 2387 517 2427 m
540 2387 577 2427 ex
582 2372 715 2427 tremum
731 2370 817 2429 vitae
839 2369 1003 2428 discrimen
1018 2369 1186 2426 adductum
1199 2385 1252 2425 no·

290 2461 410 2520 vimus.
434 2479 503 2521 cum
518 2465 682 2538 praeterea
702 2462 846 2522 dubitare
861 2461 991 2521 minime
1012 2461 1163 2538 possimus
1178 2461 1250 2537 quin

290 2553 417 2614 litteras
445 2572 520 2632 quas
546 2554 649 2628 idem,
673 2557 830 2632 adscripto
853 2575 907 2616 suo
936 2555 1081 2627 nomine,
1103 2554 1193 2613 misit
1213 2555 1251 2614 ad

288 2651 366 2723 Nos,
387 2667 460 2708 vere
475 2649 540 2726 ipse
562 2649 696 2720 miserit,
712 2653 798 2709 etex
820 2650 916 2711 animi
937 2649 985 2709 sui
1001 2648 1160 2708 sententia
1174 2649 1251 2708 scri-

290 2747 359 2818 ptas
381 2742 522 2802 miserit:
540 2747 757 2820 praeterquam
780 2742 863 2800 enim
878 2743 1092 2802 characterem
1114 2740 1183 2800 eius
1198 2759 1251 2799 uo-

290 2837 414 2909 scimus,
430 2835 512 2895 idem
528 2837 662 2896 Thomas
683 2835 789 2895 Antici
805 2835 844 2894 iis
859 2835 956 2896 etiam
977 2835 1030 2911 qui
1047 2837 1120 2894 tunc
1133 2837 1250 2894 Romae

290 2931 439 2989 Consules
460 2930 625 2990 constituti
654 2933 745 2990 erant
767 2929 885 2990 alteras
905 2929 1034 2990 litteras
1054 2927 1143 2986 dedit
1163 2928 1211 2986 die
1231 2928 1250 2987 8

289 3023 411 3094 martii,
427 3022 458 3080 in
474 3023 585 3098 quibus
600 3026 710 3098 aperte
726 3022 883 3098 professus
898 3025 957 3095 ast,
975 3019 1159 3080 solemniter
1173 3021 1250 3081 Oar-
1298 3013 1299 3038 ²

291 3113 432 3173 dinalatu
453 3115 485 3173 in
508 3115 648 3174 manibus
670 3115 796 3176 Nostris
825 3115 966 3192 deposito
988 3133 1045 3191 per
1065 3114 1192 3174 litteras
1212 3114 1247 3171 ad

289 3206 353 3264 Nos
369 3208 469 3278 datas,
486 3225 521 3265 co
543 3226 574 3266 se
596 3208 712 3266 honore
734 3209 909 3281 abdicasse3
925 3208 957 3266 in
980 3209 1106 3284 eiusque
1128 3207 1250 3265 abdica·
1298 3283 1299 3290 ἵ

290 3297 384 3357 tionis
405 3299 516 3372 fidem,
538 3301 714 3376 exemplum
744 3299 895 3376 epistolae
916 3319 1008 3377 quam
1030 3302 1068 3360 ad
1090 3300 1155 3359 Nos
1176 3297 1249 3357 sori·
1298 3315 1299 3318 ¹

289 3393 408 3466 pserat,
424 3393 461 3451 ad
477 3394 599 3451 eosdem
612 3394 762 3455 Consules
784 3393 891 3453 misit:
908 3411 978 3452 cum
1000 3391 1143 3468 denique,
1160 3393 1247 3450 sexto

280 3485 350 3542 iam
372 3487 442 3560 post
462 3503 584 3557 mense,
608 3486 711 3546 nullas
732 3485 810 3546 alias
831 3487 869 3546 ab
890 3505 927 3545 eo
949 3485 1077 3546 litteras
1098 3483 1249 3560 acceperi·
1298 3509 1299 3516 ¹

288 3595 375 3650 mus,
398 3577 508 3654 quibus
529 3578 612 3638 idem
633 3598 651 3639 a
672 3579 830 3656 proposito
851 3579 1027 3651 recessisse,
1051 3581 1144 3654 atque
1165 3575 1248 3636 abdi·
