2632 4262
63 389 249 464 exhalabat3
261 391 324 452 alia
338 395 541 454 tentetur'ad
562 391 764 453 cruciandum
781 394 815 452 et
829 388 1029 452 occidendum

66 485 135 546 via.
150 485 374 548 Iliscedendum
401 489 439 548 ab
461 487 614 550 Hetruria
634 492 704 563 est;
727 491 761 548 et
780 505 842 565 quo
863 487 1029 547 incommo-

65 577 139 638 dius
160 579 217 640 flat
235 580 314 654 iter,
328 581 501 642 Bononiam
517 598 628 642 versus
647 582 795 654 eundum,
811 580 914 641 simul
926 583 963 641 ut
976 597 1031 641 ra-

66 673 178 748 ptatus
197 688 254 748 per
274 671 453 749 provincius
467 691 544 750 quas
564 674 672 752 paullo
693 677 767 736 ante
787 672 1030 734 clementissimo

67 762 202 840 imperio
224 765 380 840 rexisset,
403 769 664 841 cerneretur,·ac
695 767 763 845 ipsa
791 765 876 845 rapti
903 766 1030 844 imperii

67 858 160 934 quasi
182 860 524 936 novarecordatione,
546 863 579 922 ct
599 862 712 922 obtutu
733 877 974 934 aerumnarum,
997 861 1034 920 in*

68 967 148 1026 quas
168 951 271 1014 insani
298 952 474 1015 dominatus
501 955 688 1033 impotentia
709 953 903 1032 provinciam
925 953 1032 1014 conie-

68 1043 176 1118 cisset,
199 1047 320 1107 animur
342 1051 468 1108 tandem
489 1050 689 1110 caderet-Ac
702 1067 794 1126 quam
814 1050 944 1109 acerbus
958 1047 1048 1126 piis·

70 1135 151 1196 simo
164 1139 256 1199 Patri
276 1157 497 1202 aerumnarum
512 1159 578 1202 esse
599 1141 743 1202 debuerit
756 1142 896 1214 obtutus,
907 1140 1032 1201 facilius

70 1233 122 1290 est
141 1231 334 1308 intelligere,
347 1251 439 1328 quam
461 1233 601 1294 oratione
624 1235 756 1312 assequi.
768 1236 851 1296 Nam
870 1233 957 1310 rapti
971 1232 1044 1293 im·¹

70 1323 153 1400 perii
174 1325 389 1386 recordatione
404 1345 462 1386 non
484 1345 551 1386 esse
572 1329 771 1400 commotum,
787 1325 947 1403 praeclare
968 1326 1033 1385 Bo·

72 1417 198 1478 uoniam
214 1418 373 1494 ingressus
393 1420 554 1496 patefecit.
568 1421 785 1482 Accurrebant
798 1419 882 1482 enim
896 1418 1031 1495 undique

71 1509 105 1568 in
126 1509 212 1570 viam
233 1529 293 1587 qua
314 1513 502 1572 trahebatur
522 1511 674 1590 permixti
688 1515 721 1572 et
741 1512 877 1572 conferti
898 1509 1002 1586 viri,i
1018 1523 1050 1558 -‘

73 1602 187 1677 minae,
210 1604 436 1680 adolescentes,
458 1605 612 1690 virgines,
635 1606 737 1683 pueri,
759 1606 894 1684 puella03
917 1608 1033 1684 etqua

73 1697 141 1756 sola
155 1699 277 1758 ratione
300 1698 356 1758 vix
376 1701 536 1776 poterant,
553 1701 644 1776 gestu
665 1701 699 1758 et
719 1699 782 1759 oris
804 1698 964 1759 moestitia
979 1700 1047 1760 do-‘

73 1791 173 1851 lorem
196 1809 284 1851 suum
306 1792 548 1868 profitebantur.
566 1795 652 1869 Ipse,
675 1793 754 1869 qnod
776 1810 872 1853 unum
894 1795 1048 1870 poteratf

74 1885 289 1946 benedictione
310 1887 471 1947 solabatur
491 1887 634 1959 miseros,
649 1890 684 1946 et
704 1873 808 1946 sacras
828 1886 911 1964 ipsas
926 1889 1036 1948 manns

73 1979 243 2056 oculosque
256 1980 288 2038 in
310 1980 431 2040 caelum
452 1979 604 2040 attollens
625 1979 832 2056 significabat,
849 1998 910 2039 uon
926 1981 1035 2040 dolen·

75 2075 169 2146 dum,
192 2075 245 2133 sed
274 2074 386 2133 summi
414 2072 470 2134 Dei
492 2073 652 2134 voluntati
676 2073 931 2151 acquiescendum
954 2061 1046 2135 esse.-

74 2167 171 2228 Brevi
193 2165 364 2248 disceditur
384 2165 546 2239 Bononia,
568 2169 795 2244 properatoque
822 2166 937 2227 itinere
958 2169 1051 2227 Par-⁴

75 2277 177 2332 mam,
199 2259 306 2336 paullo
328 2262 398 2336 post
418 2259 492 2319 hinc
511 2259 609 2320 etiam
630 2277 696 2319 esse
717 2259 935 2319 discedendum
957 2275 1036 2318 nun·

74 2353 173 2413 ciant.

134 2449 215 2507 Erat
228 2447 287 2506 hoo
302 2448 441 2523 tempore
459 2445 633 2506 beatissimi
654 2444 746 2506 Senis
766 2464 804 2506 ea
824 2446 986 2519 valetudo,
999 2448 1036 2507 ut

72 2556 262 2618 quamquam
277 2538 325 2598 sui
340 2555 462 2616 semper
483 2555 610 2598 securus
631 2541 665 2598 et
678 2538 766 2615 quasi
780 2537 942 2615 negligens
956 2536 1037 2598 iuis-

74 2638 144 2706 set3
168 2636 272 2692 tamen
287 2634 362 2691 tunc
383 2633 480 2692 ctiam
495 2630 615 2692 invitus
636 2631 848 2708 intelligeret,
864 2649 924 2690 non
939 2629 1036 2690 licere

75 2729 141 2788 iam
163 2725 223 2785 sibi
243 2725 393 2786 assentiri
414 2724 635 2786 nunciantibus
656 2742 738 2785 nova
758 2724 886 2797 itinera,
909 2723 984 2798 quia
997 2723 1037 2784 iis

76 2822 165 2882 ultro
186 2818 389 2896 suscipiendis
409 2821 529 2878 certam
547 2817 615 2896 ipse
636 2817 696 2876 sibi
710 2820 844 2877 mortem
865 2816 1035 2878 consciret.

75 2917 187 2990 Itaque
201 2929 234 2972 se
255 2911 469 2989 proiecturum
485 2929 550 2970 esse
566 2913 670 2988 negat.
682 2910 796 2969 *Hostes
809 2924 956 2985 responso
970 2914 1039 2972 ma-

76 3008 127 3086 gis
140 3005 325 3066 inflammati
341 3005 490 3078 clamant,
503 3004 628 3064 omnino
640 3020 706 3063 esse
721 3002 951 3062 discedendum.
964 3003 1038 3064 Fidi

76 3119 156 3178 quos
174 3117 279 3160 secum
293 3100 392 3160 Pater
412 3097 534 3171 habuit,
551 3100 645 3174 atque
666 3095 698 3156 in
720 3096 770 3156 bis
791 3099 828 3156 ut
848 3095 978 3174 quisque
992 3097 1039 3158 di·

78 3195 203 3272 gnitate
224 3211 259 3253 ao
279 3193 472 3253 auctoritate
493 3191 686 3268 praestabat,
707 3189 787 3248 nihil
810 3208 869 3250 non
891 3190 1039 3251 omittere

76 3305 141 3365 quo
161 3287 198 3346 de
219 3285 378 3346 sententia
399 3283 542 3361 rapiendi
563 3284 698 3360 amplius
718 3283 881 3344 Pontificis
901 3284 1040 3344 discede·-

79 3383 183 3441 retur.
196 3379 321 3440 Iacebat
340 3378 457 3438 lectulo
472 3378 681 3450 venerandus,
694 3377 765 3454 plus
778 3377 874 3438 etiam
889 3377 1057 3436 miseran·¹

78 3475 138 3534 dus
158 3474 273 3546 Senex,
295 3471 451 3532 morituro
473 3487 564 3548 quam
585 3469 671 3530 ituro
693 3469 818 3530 similis.
835 3471 1057 3530 Advocantur'

78 3565 212 3639 modici,
234 3565 422 3626 sententiam
450 3567 621 3643 rogantur,
643 3566 788 3626 statuant
807 3580 864 3642 pro
885 3580 947 3624 sua
962 3561 1057 3623 reli··
