2624 4260
483 257 520 268 -
544 225 602 284 183
624 256 661 268 -

87 349 147 408 per
168 331 411 392 confirmandam
432 332 624 392 curavimus.
641 330 757 392 Nullae
780 327 931 405 siquidem
950 328 1054 388 Litte-

88 443 144 484 rae
159 442 178 482 a
193 424 288 485 Vobis
303 429 517 501 pervenerunt
528 427 565 484 ad
580 427 657 498 Nos,
670 425 781 500 quibus
794 441 854 481 non
868 423 916 481 ita
930 439 1051 498 semper

86 517 271 594 responderi
293 518 487 590 iusserimus,
504 522 540 578 ut
561 517 789 594 intelligeretis
812 515 922 587 simul,
939 518 972 573 et
993 531 1052 590 quo

86 611 157 669 loco
189 611 373 672 haberemus
405 611 622 671 admirabilem
652 611 806 670 virtutem
828 609 996 680 Vestram,
1020 609 1054 666 et

87 707 208 780 quanto
229 705 337 764 dolore
358 704 552 764 afficeremur
581 706 619 764 ob
641 703 845 781 gravissimas
868 717 1051 773 aerumnas,

88 797 201 873 quibus
221 798 441 872 iactabamini,
465 803 498 859 et
518 817 610 876 quam
632 800 835 858 vehementer
860 797 956 857 solari
977 797 1052 866 Vos,

87 895 184 968 atque
205 893 237 951 in
271 893 394 953 virtute
415 897 451 954 D·
472 896 512 955 N.
536 895 605 954 Iesu
628 893 747 954 Christi
780 892 983 964 confortare,
1007 893 1054 948 at-

88 1005 149 1062 que
171 986 295 1064 erigere
309 988 428 1048 animos
450 989 581 1047 Vestros
597 989 804 1046 studeremus.
822 988 920 1054 Quam
935 982 1056 1060 signifi·
1133 1057 1137 1062 Ι

88 1079 246 1139 rationem
261 1085 411 1156 paternae
425 1081 606 1154 charitatis,
622 1099 683 1158 qua
702 1082 776 1153 Vos,
801 1083 983 1154 ceterosque
1004 1077 1054 1134 in-

87 1173 193 1232 victos
214 1175 304 1234 Fidei
325 1175 519 1236 confessores
540 1175 745 1236 Venerabiles
766 1175 899 1234 Fratres
920 1173 1053 1232 Nostros

87 1285 211 1343 semper
225 1268 381 1344 complexi
403 1287 520 1342 sumus,
537 1269 563 1328 si
577 1273 671 1330 antea
692 1267 834 1326 dedimus
850 1266 958 1337 Vobis,
975 1262 1054 1321 mul-

87 1364 123 1419 to
144 1378 225 1418 nuno
247 1361 358 1438 magis,
374 1364 412 1422 ad
432 1362 656 1434 consolandos,
680 1379 716 1420 aa
737 1359 966 1420 confirmandos
985 1355 1054 1414 ani-

86 1472 155 1514 mos
187 1455 318 1514 Vestros
346 1455 479 1516 dandam
501 1473 684 1527 censemus,
707 1472 777 1513 cum
805 1453 966 1511 videamus
988 1450 1054 1507 Vos

85 1549 350 1628 magnitudinem,
366 1569 401 1610 ac
417 1550 662 1610 diuturnitatem
685 1563 908 1608 aerumnarum
924 1547 1055 1605 Vestra-

87 1661 160 1703 rum
183 1643 298 1701 oblitos
320 1645 409 1702 tanto
431 1643 463 1700 in
486 1659 630 1702 moerore
658 1647 804 1719 metuque
833 1641 955 1699 versari
984 1656 1055 1715 pro-

88 1740 163 1814 pter
191 1755 261 1807 eas,
285 1736 396 1812 quibus
417 1739 521 1809 Deus,
544 1754 600 1812 per
626 1754 778 1795 summam
806 1734 1052 1794 misericordiam

88 1848 200 1902 suam,
223 1830 260 1889 ad
283 1829 416 1888 salutem
438 1832 587 1890 Nostram
609 1830 796 1906 operandam
818 1831 849 1888 in
870 1828 984 1899 Nobis,
1008 1827 1055 1886 di·

88 1940 167 2001 gnos
194 1923 261 1984 Nos
283 1922 395 1980 habuit
415 1922 471 2000 (l).
495 1923 537 1980 xlu
570 1941 629 1998 quo
651 1927 755 1982 tamen
784 1922 811 1980 si
837 1923 875 1980 de
896 1919 1053 1982 Ecclesiae

87 2017 230 2094 periculo
258 2015 289 2074 in
318 2016 459 2092 periculo
487 2019 605 2078 Nostro
633 2016 776 2090 timetis,
799 2016 962 2075 laudamus
989 2016 1054 2074 Nos

87 2113 211 2190 quidem
226 2111 471 2172 sollicitudinem
483 2115 643 2186 Vestram,
660 2115 711 2172 sed
728 2113 821 2173 simul
834 2112 1051 2172 tribulationis

83 2207 164 2280 vim,
179 2224 241 2282 qua
255 2207 355 2282 pressi
370 2207 458 2279 estis,
482 2207 690 2283 agnoscimus
717 2227 795 2284 quae
817 2207 897 2266 facit
923 2209 960 2264 ut
982 2223 1052 2264 cum

88 2301 139 2358 tot
167 2299 225 2358 Dei
253 2299 414 2375 promissis
441 2300 614 2360 Ecclesiam
646 2319 812 2376 numquam
841 2299 1051 2370 defecturam,

86 2409 272 2469 semperque
284 2394 316 2452 in
330 2395 588 2454 tribulationibus
598 2394 811 2454 florentiorem
824 2393 965 2452 futuram
977 2392 1054 2452 scia-

87 2485 145 2557 tis,
168 2486 259 2545 vacui
283 2493 384 2547 tamen
407 2492 492 2548 metu
515 2491 551 2548 de
574 2488 662 2548 illius
683 2489 823 2566 periculo
845 2489 877 2548 iu
900 2486 1054 2546 discrimi-

88 2597 127 2638 ne
148 2581 268 2640 Nostro
289 2600 354 2640 esse
369 2601 430 2640 non
445 2583 583 2658 possitis.
600 2584 633 2642 Si
656 2601 732 2642 vero
747 2601 825 2658 quae
846 2583 911 2643 Nos
926 2580 986 2656 ipsi
1001 2597 1054 2655 pa-

88 2673 203 2745 timur,
219 2674 373 2733 sollicitos
393 2675 510 2734 habent
531 2677 613 2748 Vos,
637 2679 769 2752 propter
790 2693 858 2733 eam
880 2672 1055 2749 aegritudi-

88 2784 179 2839 nem,
202 2785 263 2843 qua
283 2767 421 2826 animum
448 2771 600 2830 Nostrum
622 2770 653 2827 in
677 2770 734 2828 hoc
762 2768 859 2828 exilio
880 2767 1054 2826 coniectum

88 2859 305 2933 arbitramini,
321 2861 405 2936 grati
427 2863 491 2920 Nos
513 2862 637 2938 quidem
654 2880 760 2920 sumus
779 2860 927 2920 charitati
943 2860 974 2917 in
989 2860 1054 2920 Nos

89 2955 240 3026 Vestrae,
256 2961 474 3013 verumtamen
496 2958 560 3016 Vos
582 2974 652 3015 cum
674 2955 825 3032 Apostolo
844 2954 1051 3012 obsecramus:

88 3048 170 3108 «Ne
185 3046 409 3123 angustiamini
425 3048 456 3106 in
471 3049 579 3122 Nobis,
593 3067 648 3108 nec
659 3048 814 3109 deficiatis
826 3047 858 3106 in
872 3045 1054 3106 tribulatio-

89 3140 180 3200 nibus
201 3139 340 3216 Nostris3
356 3156 375 3198 u
389 3140 460 3200 fieri
481 3142 563 3201 enim
579 3161 639 3201 non
662 3143 777 3218 potest,
794 3144 830 3199 ut
851 3140 993 3218 quamvis
1005 3141 1055 3200 tot

88 3235 224 3293 adversa
244 3233 394 3305 feramus,
413 3234 481 3293 ulla
501 3235 597 3294 animi
618 3235 818 3312 aegritudine
839 3234 1053 3306 conficiamur,

89 3323 225 3388 scientes
248 3328 338 3387 nulla
352 3329 416 3388 alia
437 3328 467 3385 in
489 3346 524 3388 re
539 3331 660 3388 tantam
676 3327 810 3406 gloriam
831 3327 944 3400 inesse,
959 3345 1055 3404 quan-

152 3458 190 3511 (1)
205 3455 269 3503 Vide
285 3457 313 3503 in
329 3457 474 3516 Appendice
483 3458 561 3504 huius
576 3457 640 3505 tomi
649 3458 785 3516 epistolam
793 3457 983 3516 episcoporum,
996 3453 1056 3513 qni-

88 3534 138 3582 bus
153 3533 198 3582 hic
214 3534 351 3594 respondet
365 3535 427 3582 Pius
443 3537 487 3584 Vi.
