2606 4268
284 374 475 435 dioecesibus
490 376 617 436 habere.
633 378 679 437 Ne
695 379 798 437 autem
815 378 943 453 propter
955 369 1256 436 deficientiamsan-

284 469 329 530 cti
350 470 542 542 chrismatis,
557 475 592 530 et
612 471 673 531 olei
695 471 892 532 intirmorum
914 489 1021 531 carere
1042 473 1201 546 cogantur
1215 469 1256 529 fi-

285 567 370 627 deles
392 565 603 626 Sacramentis
626 570 693 625 tum
714 566 980 640 confirmationis,
996 567 1064 626 tum
1085 558 1255 624 extremae

285 660 456 732 unctionis,
472 662 680 736 opportunum
694 660 795 720 visum
810 663 861 720 est
874 657 1000 720 monere
1012 658 1175 719 Vicarium
1190 660 1256 718 Ge·

286 755 425 814 noralem
447 758 670 830 proponentem
693 755 870 816 huiusmodi
891 751 1256 832 petitionem,muneris

286 847 334 907 sui
348 846 415 906 esse
430 845 669 907 luctuosissimis
683 849 769 908 hisce
791 848 987 926 temporibus
1000 863 1129 919 curare,
1145 848 1183 905 ut
1198 845 1255 904 vel

285 959 326 1001 ex
340 939 504 1018 proximis,
521 939 573 998 vel
588 941 701 1000 saltem
715 959 755 1000 ex
770 942 901 1001 remotis
915 941 1095 1018 regionibus
1116 939 1148 998 iu
1164 939 1257 998 dioe-

287 1035 395 1106 cesim,
411 1035 442 1092 iu
464 1051 525 1110 qua
546 1032 614 1108 ipse
641 1034 833 1112 fungebatur
853 1053 982 1094 munere
1004 1034 1123 1094 Vicarii
1145 1034 1256 1092 Gene-

286 1129 376 1200 ralis,
401 1127 632 1188 transferretur
652 1129 747 1188 citius
769 1147 804 1189 ac
820 1129 888 1188 fleri
910 1131 1017 1205 posset
1038 1128 1141 1186 oleum
1162 1125 1257 1184 intir-

289 1241 424 1296 morum,
439 1225 474 1281 et
492 1226 633 1282 sanctum
655 1222 803 1284 chrisma:
819 1222 899 1299 quod
922 1221 1061 1298 profecto
1076 1221 1256 1298 deprehen-

288 1335 357 1376 sum
371 1315 433 1375 fuit
448 1333 508 1374 uon
524 1334 591 1375 esse
605 1315 741 1390 difficile,
759 1315 785 1375 si
808 1316 914 1378 debita
928 1333 997 1375 cum
1011 1315 1155 1376 cautione
1169 1313 1257 1372 oleo·

287 1427 358 1470 rum
380 1410 609 1485 transportatio
630 1413 847 1486 perageretur.
869 1408 911 1468 Iis
932 1413 1038 1468 autem
1060 1406 1191 1472 habitis,
1214 1425 1255 1464 ne

290 1506 322 1566 iu
345 1507 505 1580 posterum
527 1501 715 1576 deficerent,
738 1502 931 1562 insinuatum
960 1502 991 1560 ei
1013 1501 1096 1574 tuit,
1119 1505 1155 1559 ut
1176 1517 1255 1577 prae

289 1598 387 1658 oculis
410 1597 541 1656 haberet
555 1589 708 1672 regulam,
724 1613 803 1671 quae
818 1596 849 1654 in
864 1595 988 1656 Rituali
1003 1597 1144 1655 Romano
1159 1611 1256 1670 prae·

291 1693 444 1753 scribitur
463 1689 569 1749 Tit.2.
584 1707 655 1767 cop.
667 1690 697 1750 1.
708 1693 737 1767 g.
748 1689 804 1748 23.-
819 1691 854 1750 Si
868 1689 1000 1750 deficere
1015 1690 1185 1749 videantur
1199 1705 1256 1757 ,ve-

288 1791 359 1848 tera
380 1786 468 1858 olea,
491 1789 524 1844 et
544 1786 698 1856 chrisma,
719 1788 776 1864 apt
796 1787 899 1844 oleum
921 1785 1120 1844 benedictum
1142 1782 1255 1844 haberi

290 1898 348 1938 non
372 1879 481 1956 possit,
498 1877 583 1938 aliud
607 1879 709 1938 oleum
731 1879 769 1938 de
790 1879 885 1938 olivis
900 1897 959 1938 non
981 1878 1179 1938 benedictum
1200 1879 1255 1937 ad·

288 1972 429 2046 iiciatur,
446 1973 500 2032 sed
521 1972 552 2035 iu
575 1973 688 2032 minori
710 1974 900 2050 quantitate:
924 1991 1023 2050 neque
1044 1972 1254 2049 praetermis-

288 2085 356 2127 sum
378 2067 441 2126 tuit
461 2067 591 2126 eundem
613 2065 781 2126 certiorem
803 2069 946 2138 reddere,
963 2083 1050 2143 posse
1071 2066 1140 2124 oleo
1161 2066 1256 2126 bene-

289 2160 375 2221 dicto
397 2160 567 2238 adiungere
590 2178 649 2220 non
676 2161 874 2219 benedictum
896 2161 1038 2237 pluribus
1053 2158 1189 2230 vicibus,
1206 2159 1254 2218 ita
1295 2223 1296 2236 χ

211 2303 221 2320 .
289 2265 327 2315 ut
358 2256 461 2314 oleum
489 2254 670 2314 adiunctum
698 2253 929 2313 consideratum
951 2252 1137 2330 separatim,
1160 2255 1196 2312 et
1221 2253 1254 2311 iu
1295 2249 1296 2284 ³

292 2365 475 2424 unaquaque
496 2347 698 2421 admistione,
714 2347 758 2407 sit
778 2346 809 2404 in
827 2347 943 2406 minori
963 2346 1142 2426 quantitate
1160 2363 1255 2422 quam

290 2441 394 2502 oleum
415 2439 625 2512 benedictum,
641 2440 785 2517 quamvis
806 2440 1012 2501 consideratis
1034 2440 1256 2500 omuibus'ad-

289 2532 461 2594 ditionibus
482 2533 599 2605 simul,
616 2533 673 2592 flat
693 2533 854 2608 quantitas
879 2533 980 2594 maior
1002 2551 1060 2591 nou
1083 2532 1253 2606 benedicti;
1294 2581 1295 2604 ,

290 2628 546 2704 quemadmodum
576 2626 712 2686 solutum
740 2626 802 2685 fuit
830 2643 849 2686 a
874 2626 971 2686 Sacra
1002 2626 1253 2704 congregatione
1294 2607 1295 2699 i

288 2719 423 2781 Ooucilii
443 2719 493 2778 die
513 2717 752 2795 23septcmbris
772 2718 844 2778 anui
870 2719 959 2778 1682.

290 2906 464 2966 Indaltum
494 2909 547 2965 uti
577 2925 678 2985 supro
699 2907 797 2988 (pap.
814 2900 878 2981 83)
904 2921 1084 2964 concessum
1103 2903 1254 2981 fidelibus
1292 2899 1294 2996 l

350 3000 459 3076 Regni
482 2998 683 3071 Galliarum,
714 3007 752 3058 ot
777 2999 903 3074 possint
931 2997 989 3057 boc
1020 2998 1255 3074 persecutionis

350 3101 490 3169 tempore
510 3093 745 3169 Indulgentiae
767 3093 903 3152 lucrari.

350 3279 510 3340 Sanctitas
520 3279 584 3340 Sua
598 3280 636 3339 de
650 3278 782 3338 consilio
801 3277 936 3337 selectae
947 3275 1163 3338 cardinalium
1177 3279 1257 3338 Gou-

292 3372 485 3452 gregatioois
516 3373 652 3451 benigne
674 3372 819 3448 indulget
840 3370 1002 3432 Fidelibus
1023 3369 1114 3446 regni
1136 3370 1258 3429 Gallia·

292 3484 362 3527 rum
384 3467 422 3526 ad
444 3485 572 3540 anuum,
589 3467 615 3526 si
631 3465 750 3525 tamdiu
766 3466 876 3524 borum
898 3468 1075 3540 temporum
1090 3462 1257 3523 calamitas

290 3566 526 3643 perduraverit,
543 3569 579 3624 ut
593 3563 810 3624 deficientibus
825 3561 1052 3634 sacerdotibus,
1067 3561 1120 3638 qui
1136 3561 1259 3621 coufes-
