2624 4260
642 329 820 388 -164-

246 431 532 511 praevaricantium
554 433 731 511 perditione
752 435 819 494 sine
847 453 939 496 causa
965 438 998 494 et
1021 451 1100 494 vane
1123 449 1209 492 suam

246 526 464 588 fortitudinem
489 545 554 586 esse
577 530 829 604 consumptam·
1078 515 1082 520 ¹

306 619 458 687 Quoniam
474 638 550 680 vero
571 620 802 697 apertissimum
828 625 888 693 est,
915 638 1011 697 supra
1032 624 1128 698 caput
1147 623 1211 682 No-

246 716 349 774 strum
370 713 564 796 potissimum
585 713 806 792 omnipotentis
820 714 875 774 Dei
898 731 1023 774 manum
1047 732 1115 773 esse
1136 731 1210 790 gra·

157 801 159 810 '
245 811 375 880 vatam,
399 825 436 865 ne
458 807 543 879 Vos,
559 808 611 884 qui
640 809 780 868 membra
806 808 899 867 huius
927 805 1041 883 capitis
1064 805 1139 868 estis
1161 809 1209 866 ta·

245 901 380 960 bescatis
402 901 508 960 dolore
528 903 656 975 Nostro,
673 903 709 962 ad
725 901 966 962 confirmandam
981 900 1139 960 virtutem
1155 918 1209 958 ve-

245 998 343 1054 stram
365 993 475 1053 iisdem
497 995 602 1054 verbis
624 999 760 1067 utemur,
777 996 888 1071 quibus
902 995 1036 1058 Sanctus
1050 992 1207 1053 silverius

244 1087 330 1163 Papa
345 1106 418 1148 usus
436 1089 496 1160 est,
513 1106 582 1148 cum
597 1089 756 1165 relegatus
768 1089 799 1148 in
815 1088 918 1149 insula
932 1087 1047 1148 Pontia
1061 1088 1098 1146 ad
1115 1087 1209 1146 Ama-

244 1183 345 1240 torem
366 1181 541 1257 episcopum
564 1181 729 1242 scribebat:
750 1181 814 1242 Nos
834 1183 965 1260 quidem
987 1187 1207 1264 sustentamur

239 1291 329 1349 pauc
349 1273 480 1343 doloris,
505 1282 536 1334 et
557 1293 644 1352 aqua
666 1279 839 1352 anqustiuc
859 1283 1022 1351 potamur:
1045 1280 1208 1334 cerumta-

243 1385 318 1430 mem
333 1384 390 1427 uec
402 1368 593 1440 dimisimus,
609 1385 668 1430 uec
678 1370 847 1428 dimissuri
858 1371 977 1428 erimus
988 1367 1131 1442 officium
1142 1366 1207 1426 llb-

243 1468 357 1520 strum.
371 1461 515 1536 Illudque
526 1464 673 1522 addemus
686 1466 862 1540 praeterea,
876 1463 955 1539 quod
968 1479 1023 1538 per
1034 1462 1112 1532 Vos,
1126 1461 1204 1518 Ven.

243 1553 388 1628 Fratres,
405 1559 513 1633 patere
532 1557 646 1616 ceteris
667 1557 821 1618 fratribus
843 1557 998 1627 volumus,
1010 1554 1134 1614 nullum
1150 1555 1207 1612 tri-

242 1649 414 1708 bulationis
437 1667 533 1726 genus
554 1654 692 1720 tantum,
717 1653 842 1728 tamque
864 1651 1011 1710 acerbum
1033 1666 1100 1706 esse
1122 1645 1206 1706 iutu-

243 1749 325 1814 rum,
341 1743 419 1818 quod
441 1743 505 1803 Nos
527 1761 546 1802 a
566 1745 720 1804 charitate
747 1744 867 1805 Christi
889 1743 931 1803 sit
953 1758 1097 1818 umquam
1121 1757 1206 1816 sepa-

242 1837 406 1906 raturum
430 1835 552 1894 nullum
577 1839 655 1912 quod
684 1837 886 1898 confortante
900 1835 1121 1894 infirmitatem
1143 1833 1206 1892 No·

242 1930 341 1987 stram
364 1929 451 2001 Deo,
475 1929 682 1990 libentissimo
704 1931 808 1992 animo
830 1930 966 1990 subituri
1002 1946 1061 1986 non
1084 1925 1204 1996 eimau,

243 2022 407 2082 dummodo
429 2023 592 2086 calamitas
613 2045 674 2103 qua
695 2044 844 2104 urgemur
858 2027 935 2097 Nos,
952 2022 1141 2083 aFiliorum
1158 2019 1205 2078 di-

241 2113 484 2174 lectissimorum
498 2119 685 2178 Nostrorum
701 2120 841 2195 periculo
864 2119 907 2178 sit
928 2117 1083 2187 seiuncta,
1099 2133 1135 2174 ao
1150 2131 1204 2190 per

240 2205 365 2266 labores
378 2209 511 2269 Nostros
526 2210 656 2270 restitui
675 2228 736 2286 pax
757 2213 790 2270 et
811 2209 996 2270 conservari
1020 2209 1126 2268 unitas
1147 2210 1206 2268 Ec-

239 2299 353 2358 clesiae
374 2301 491 2376 possit..

300 2393 425 2464 Valete,
442 2393 645 2454 venerabiles
665 2394 807 2470 Fratres,
824 2399 858 2456 et
872 2395 992 2458 Christi
1014 2393 1204 2454 confessores

179 2564 185 2576 ¹
240 2485 419 2560 clarissimi,
435 2487 545 2564 quibus
560 2505 678 2564 pacem,
692 2509 784 2566 quem
798 2491 889 2568 impii
903 2490 1018 2550 habere
1032 2505 1204 2564 numquam

238 2581 380 2657 possunt,
396 2578 441 2656 pii
457 2597 533 2638 vero
547 2580 642 2642 etiam
665 2581 697 2640 in
712 2584 880 2660 angustiis,
896 2603 932 2644 ao
953 2581 1115 2644 laboribus
1130 2599 1205 2659 gra-

238 2672 377 2732 vissimis
398 2673 570 2750 possident,
586 2675 742 2736 exanimo
756 2679 970 2754 adpreoantes,
986 2675 1203 2752 Apostolicam

238 2765 493 2826 Benedictionem
515 2768 641 2844 paterni
660 2773 693 2829 et
719 2771 805 2847 grati
831 2769 929 2830 animi
949 2768 1061 2831 Nostri
1087 2767 1204 2845 pignus

240 2859 452 2924 amantissime
474 2859 686 2937 impertimur.

298 2954 410 3010 Datum
437 2953 618 3014 Florentiae
639 2956 718 3030 apud
740 2957 776 3014 B.
806 2957 844 3014 V.
871 2955 1004 3014 Mariam
1024 2955 1057 3014 in
1080 2953 1204 3014 caelum

237 3044 438 3118 Assumptam
461 3045 549 3103 nonis
564 3045 645 3105 Iunii
667 3048 739 3106 anni
760 3049 1007 3110 MDOOXOVIII.
1032 3047 1207 3107 Pontifica-

237 3138 289 3196 tus
309 3137 418 3197 Nostri
439 3137 555 3196 XXIV.

794 3233 946 3312 Iosephus
967 3235 1118 3295 Murotti.

721 3327 775 3386 SS.
792 3329 829 3387 Ι).
853 3328 964 3390 Nostri
986 3347 1004 3388 a
1026 3327 1176 3389 Secretis.
