2624 4260
664 241 841 302 -218-

273 347 448 424 proposuit,
464 349 500 407 ad
524 365 602 423 quae
623 348 715 408 iuxta
729 365 851 408 sensum
866 346 1032 407 Pontiflois
1052 345 1110 405 sibi
1131 342 1233 419 explo-

274 446 393 514 ratum,
409 441 476 518 ipso
491 441 643 500 Pontilioe
658 443 785 502 iubente
803 441 943 501 eomodo
958 438 1232 500 reverendissimus

273 535 446 595 Isanrensis
466 535 631 612 episeopus
653 535 827 612 respondit,
851 553 941 612 quem
965 551 1004 594 ex
1025 533 1172 594 adiuncto
1191 531 1233 590 fo-

273 629 319 688 lio
331 629 376 705 (1)
397 629 663 688 reverendissima
683 634 716 688 ot
737 629 955 689 illustrissima
979 627 1158 688 Dominatio
1182 631 1232 686 tna

274 723 452 801 perspiciet.
469 726 547 783 Rom
563 741 657 801 porro
679 729 791 796 totam,
809 725 932 801 qualem
948 723 1038 782 modo
1054 721 1182 783 narravi
1196 740 1231 780 ex

276 833 330 878 ore
352 818 549 877 Sanctissimi
571 819 696 880 Domini
716 819 827 880 Nostri
848 818 955 887 didici,
972 835 1040 878 enm
1062 835 1169 876 mense
1189 834 1233 876 se-

275 911 409 989 ptembri
431 913 505 973 anni
521 914 661 990 proxime
683 913 780 989 elapsi
795 913 979 973 Florentiae
1000 910 1066 970 eius
1088 911 1173 970 iussa
1185 925 1231 968 oa-

274 1021 440 1082 pesserem.
458 1005 540 1065 Idem
562 1006 628 1084 ipse
649 1005 727 1065 mihi
741 1007 948 1082 archetypum
970 1005 1132 1081 exemplar
1152 1002 1232 1061 litte-

274 1115 382 1161 rarum
414 1099 547 1176 episcopi
571 1100 743 1160 isaurensis
771 1101 808 1158 ad
832 1101 1033 1158 Grassensem
1061 1097 1230 1172 episcopum

275 1192 431 1263 exhibuit,
448 1195 539 1269 quod,
556 1193 720 1253 deficiente
736 1196 807 1251 tuta
820 1191 993 1263 occasione,
1008 1190 1150 1268 ablegari
1165 1205 1231 1247 non·

276 1287 348 1345 dnm
371 1290 527 1362 potuerat,
544 1288 684 1363 quodque
705 1303 762 1363 ego
778 1285 906 1362 propria
927 1303 1018 1344 mann
1034 1283 1194 1359 descripsi.

335 1381 532 1440 Concordant
545 1399 613 1440 oum
636 1380 872 1457 supralaudato
894 1375 1091 1438 sanctissimi
1114 1372 1231 1436 Domini

274 1472 385 1534 Nostri
406 1473 521 1531 iudicio
542 1473 728 1550 apostolieae
745 1472 873 1530 litterae
895 1470 1010 1530 amoris
1024 1487 1059 1528 ao
1078 1468 1233 1527 existima·

275 1565 370 1624 tionis
392 1565 522 1642 plenae,
552 1565 645 1642 paulo
674 1567 747 1624 ante
769 1565 806 1624 ad
829 1563 1112 1622 eminentissimum
1141 1559 1233 1620 cardi·

275 1657 377 1716 nalem
404 1658 670 1735 arehiepiscopum
698 1656 953 1716 Mechliniensem
979 1659 1081 1728 datae,
1106 1670 1232 1732 quarum

274 1751 344 1809 ideo
366 1743 527 1827 exemplar
548 1751 592 1829 (2)
608 1750 692 1810 hisee
714 1752 837 1828 paginis
855 1753 1021 1810 adnectere
1043 1750 1147 1810 iuvat.
1164 1751 1233 1810 Gom
1291 1781 1292 1868 p

274 1843 356 1902 enim
378 1844 616 1903 eminentissimi
638 1845 813 1906 Cardinalia
835 1845 866 1903 in
896 1845 1069 1904 tolerandis
1099 1841 1235 1904 adversis
1291 1875 1292 1886 ι

275 1938 484 1996 constantiam
506 1937 604 1998 tantis
633 1939 763 1998 attollat
791 1938 935 1998 landibns
960 1937 1122 2010 Pontifex,
1145 1951 1234 2011 eaque

275 2029 327 2089 vel
348 2030 482 2093 maxime
497 2030 528 2089 in
551 2033 710 2091 subeunda
725 2033 763 2090 ob
783 2034 969 2110 denegatum
991 2032 1124 2108 impium
1140 2045 1234 2089 saera-

276 2129 415 2183 mentnm
436 2123 542 2184 exsilii
557 2143 654 2202 poena
675 2125 827 2198 eluxerit,
843 2145 880 2186 eo
902 2128 990 2184 modo
1006 2126 1114 2201 utique
1137 2125 1234 2183 osten·

276 2217 324 2276 dit
344 2217 423 2276 illud
445 2217 545 2294 ipsum
573 2217 784 2278 iuramentum
807 2219 865 2277 sibi
887 2219 1037 2278 maiorem
1060 2217 1091 2275 in
1116 2216 1232 2276 modum

275 2309 456 2385 improbari.
475 2313 626 2387 Superest
649 2313 685 2369 ut
705 2310 783 2385 tibi,
808 2312 1069 2372 reverendissime
1091 2307 1232 2378 Praesnl,

274 2401 432 2478 perlectae
454 2403 697 2464 existimationis
717 2423 803 2464 meae
833 2423 941 2464 sensus
968 2409 1148 2476 contester,
1170 2417 1233 2461 eum

275 2493 386 2570 quibos
408 2495 596 2567 subscribor,
611 2499 776 2556 reverend.
792 2503 824 2556 et
845 2497 964 2557 illustr.
981 2497 1061 2555 dom.
1079 2499 1170 2569 tuae,

518 2600 522 2608 '
720 2591 1015 2668 Obsequiosissimns
1035 2609 1161 2663 servus,
1289 2645 1290 2678 ,

786 2687 830 2746 H.
847 2688 1001 2763 Archiep.
1023 2686 1115 2762 Tyri,

773 2781 917 2840 Nuntius
938 2781 1133 2857 apostolicus

334 3017 373 3069 (1)
387 3016 487 3062 Folium
502 3016 572 3063 istud
588 3019 667 3065 habes
684 3031 761 3076 supra
777 3020 852 3066 Num.
871 3021 937 3066 LVI.
955 3031 1012 3078 pag.
1026 3020 1083 3066 178.

335 3091 371 3143 (2)
389 3091 551 3148 Apostolioas
567 3094 615 3139 has
630 3093 731 3140 litteras
747 3091 806 3140 vide
824 3093 941 3152 superins
967 3094 1063 3141 relatas
1088 3093 1165 3141 Num.
1182 3091 1233 3138 ml.

273 3175 332 3223 pag.
352 3165 406 3212 loe.
