2582 4270
485 273 644 332 ..ll-

524 440 604 496 ΙΙΙ.

441 559 579 602 umaems
600 559 691 602 amus

326 703 536 764 PRAETORI
554 707 607 764 ΕΤ
630 705 807 766 SENATUI

83 867 173 942 Pupi
188 866 345 940 Friburqi
359 865 606 940 Ecclesiasticue
627 867 805 927 Libertatis
827 866 1049 943 defensoribus

273 1029 469 1108 PIUS
522 1029 740 1106 ΡΑΡΑ
794 1029 859 1106 VI.

207 1219 336 1276 Dilecti
354 1219 452 1290 Filii,
467 1222 618 1278 Salutem
641 1224 675 1277 et
695 1219 931 1288 Apostolicam

425 1316 718 1374 Benedictioncm.

150 1487 249 1546 Valde
263 1489 444 1563 gaudemus
459 1487 566 1546 dilecti
578 1485 668 1558 Filii,
681 1487 760 1562 quod
776 1485 862 1542 vobis
877 1483 938 1542 iam
955 1502 1051 1560 agere

89 1583 253 1640 debeamus
276 1581 412 1657 gratias,
436 1587 509 1640 aute
531 1581 652 1640 scilicet
673 1597 764 1656 quam
787 1581 904 1639 Nostra
925 1580 961 1636 ad
994 1596 1048 1636 vos

90 1675 196 1734 studia
210 1692 266 1748 pro
282 1674 482 1751 Presbyteris
498 1674 608 1743 Gallis,
625 1673 966 1747 commendationesque
982 1689 1052 1746 per-

90 1770 264 1828 ferrentur.
286 1771 398 1844 Magno
421 1769 470 1827 illi
493 1784 621 1826 numero
633 1769 669 1826 ad
686 1767 856 1826 catholicos
871 1766 1052 1828 Helveticos

90 1862 313 1938 confugerunt,
330 1879 365 1920 ac
380 1860 565 1937 praesertim
588 1862 667 1937 apud
691 1879 746 1920 vos
762 1866 863 1920 tutum
880 1861 985 1920 exsilii
1003 1860 1052 1918 sui

92 1958 196 2017 locum
218 1955 461 2015 constituerunt.
479 1958 541 2014 Vos
556 1957 637 2013 enim
668 1963 776 2014 vestra
797 1958 906 2031 sponte
919 1959 961 2013 vet
981 1955 1054 2032 Epi·

93 2068 256 2126 scoporum
279 2049 409 2126 aliquot,
432 2053 465 2108 et
486 2049 741 2124 presbyterorum
764 2050 905 2111 miserati
921 2052 1051 2120 statum,

92 2149 124 2206 in
141 2166 230 2223 quam
246 2148 284 2205 ob
301 2148 506 2224 religionem,
524 2149 636 2208 relicta
651 2151 739 2207 ‹lomo
754 2149 903 2225 bonisque
919 2149 1053 2224 amissis,

93 2241 306 2312 deciderunt,
320 2241 442 2299 eosdem
465 2249 607 2302 amanter
629 2243 821 2318 suscepistis,
843 2241 983 2314 iuvistiS,
1010 2242 1056 2301 fo-

94 2334 179 2392 vetis
200 2352 235 2391 ac
256 2333 288 2390 in
311 2337 435 2392 vestrae
458 2335 588 2410 pictatis
614 2335 704 2412 asylo
734 2334 889 2394 retinetis.
910 2337 973 2394 Hoc
1005 2356 1057 2394 ve-

95 2433 163 2486 stro
185 2427 332 2486 beneficio
347 2433 508 2504 tamquam
531 2431 562 2488 in
584 2431 647 2490 Nos
663 2429 815 2488 collocato
829 2430 959 2488 mirifice
974 2449 1057 2490 com-

95 2522 174 2581 moti
195 2538 313 2592 sumus,
333 2521 448 2580 Dilecti
470 2522 557 2595 Filii,
574 2523 766 2598 excitatique
781 2525 818 2581 ad
838 2523 1056 2582 declarandam

95 2617 184 2674 vobis
213 2615 424 2692 gratissimam
449 2616 647 2675 voluntatem
672 2619 845 2688 Nostram,
872 2636 907 2676 ac
938 2619 974 2676 ad
1003 2636 1057 2676 vos

95 2707 264 2769 Pontificio
287 2709 344 2766 hoc
359 2709 461 2768 laudis
476 2709 640 2786 praeconio
657 2711 686 2768 in
700 2709 829 2770 Domino
851 2712 1056 2769 exornandos.

95 2802 186 2862 Nihil
207 2805 288 2860 euim
312 2803 414 2862 facere
439 2805 537 2865 Nobis
565 2806 622 2862 hoc
652 2811 792 2880 tempore
820 2803 979 2879 acceptius
1003 2822 1059 2879 po-

98 2895 227 2965 inistis,
252 2895 331 2953 nihil
353 2915 412 2970 quo
434 2899 609 2956 animorum
633 2902 810 2955 vestrorum
830 2896 1058 2955 humanitatem

96 2989 257 3048 illustrius
278 2991 536 3065 comprobaretis,
558 3009 649 3066 quam
672 2991 728 3050 hac
750 2991 817 3066 ipsa
838 2991 961 3066 publica
982 2990 1061 3049 libe-

97 3083 230 3143 ralitate
253 3089 372 3154 vestra,
395 3103 466 3159 qua,
483 3103 538 3161 pro
563 3085 615 3144 Dei
631 3103 723 3144 causa
738 3085 843 3161 lugam
859 3104 875 3142 e
892 3085 996 3160 patria
1010 3103 1060 3144 ca·

97 3176 242 3252 pionica,
272 3177 476 3254 maximisque
506 3177 739 3237 calamitatibus
768 3179 923 3250 obiectos,
954 3182 1061 3236 vestra

97 3287 156 3344 ope
178 3270 342 3329 sublevare
364 3289 400 3330 ac
422 3289 566 3330 recreare
589 3289 647 3328 non
670 3271 847 3329 dubitastis.

161 3363 243 3428 Quas
271 3363 360 3422 vobis
389 3364 506 3423 idcirco
535 3364 655 3440 gratias
685 3364 913 3440 persolvimus,
937 3365 1059 3422 easdem

99 3458 197 3516 etiam
213 3457 329 3521 ceteris
343 3457 508 3518 catholicis
523 3459 617 3534 Pagis
639 3458 670 3515 in
694 3459 752 3516 hac
771 3475 806 3516 re
825 3457 985 3534 praeclare
1000 3473 1063 3514 me·

97 3549 176 3610 ritis
192 3550 309 3610 deferri
331 3553 512 3611 mandamus
527 3551 707 3627 Apostolico
726 3551 865 3624 Nuntio,
887 3552 1061 3625 Nostroque
