2606 4268
272 396 496 475 praecipueque
512 394 733 472 Regularibus,
748 394 828 470 apud
843 410 920 470 quos
941 391 991 451 illi
1006 387 1170 452 distributi
1186 389 1241 448 de-

273 495 370 569 gunt;
387 509 446 549 non
460 489 614 550 mediocre
635 489 731 548 etiam
745 490 870 548 crearet
884 487 958 563 ipsis
973 483 1148 545 universim
1161 482 1242 541 emi-

273 581 387 660 grabis,
408 581 461 659 qui
477 584 514 641 ud
529 584 595 643 Nos
616 581 838 660 confugerunt,
857 597 1009 640 novarum
1023 576 1241 654 perturbatio·

273 695 348 736 num
369 676 562 754 periculum3
585 678 665 752 quod
687 675 719 734 hi
741 675 849 752 populi
871 675 994 735 obiam
1020 670 1239 731 imminentem

273 771 332 832 hoc
353 789 433 830 anno
454 769 557 830 victus
585 769 747 846 penuriam
776 769 867 830 facile
895 769 928 828 in
950 767 1022 828 illos
1043 764 1118 830 mali
1141 762 1237 822 huius

274 883 396 926 oausam
419 863 521 923 multu
541 881 580 922 ex
601 867 691 939 parte
712 863 916 922 conticerent.
932 863 1019 922 Hanc
1043 859 1167 919 obrem
1184 873 1241 932 po-

274 955 340 1018 tius
361 957 464 1018 visum
485 959 545 1030 est,
565 961 600 1016 ut
622 957 666 1029 hi,
683 957 735 1033 qui
757 957 808 1016 hic
830 958 903 1038 sunt
919 951 1132 1015 Ecclesiastici
1154 949 1237 1008 emi-

275 1053 360 1130 grati
375 1051 534 1128 encyclica
548 1051 681 1128 epistola
692 1051 778 1128 typis
793 1051 925 1127 vulgata
939 1048 1043 1128 (quam
1060 1047 1144 1106 hisee
1172 1045 1239 1106 No·

272 1146 349 1206 stris
370 1143 603 1222 coniungimus)
619 1143 758 1202 invitent
773 1147 829 1206 bos
850 1145 931 1222 ipsos
952 1142 1080 1219 populos
1101 1141 1138 1199 ad
1160 1156 1238 1198 con-

271 1239 431 1300 ferendam
453 1238 485 1297 in
507 1256 667 1298 commune
682 1237 795 1314 stipem
811 1255 867 1314 pro
883 1235 1069 1296 miserrimis
1083 1234 1168 1306 aliis,
1182 1231 1237 1309 qui

272 1334 357 1394 inter
383 1331 546 1391 Helvetios
572 1334 825 1400 commorantur;
848 1331 971 1406 iamque
998 1331 1056 1389 hoo
1083 1329 1172 1388 modo
1203 1327 1236 1384 in
1293 1335 1294 1342 ’

271 1430 329 1488 hac
343 1427 409 1502 ipsa
430 1425 550 1484 ditione
563 1430 673 1484 nostre
694 1441 754 1486 uon
771 1441 870 1499 parva
883 1423 1014 1484 collecta
1028 1428 1077 1482 est
1091 1421 1235 1499 pecunia.

271 1524 358 1582 Hanc
378 1519 408 1577 in
431 1537 463 1578 se
484 1535 592 1578 curam
613 1517 780 1594 praecipua
801 1517 923 1594 recepit
944 1516 1011 1576 eius
1032 1520 1065 1575 et
1085 1533 1239 1592 quaeren-

273 1617 329 1676 dae
350 1613 605 1687 colligendaeque
627 1611 788 1687 pecuniae,
812 1614 893 1672 etad
908 1611 986 1670 istos
1007 1610 1239 1670 ecclesiasticos

272 1703 546 1776 transmittendae,
566 1703 700 1762 dilectus
715 1704 800 1764 filius
812 1705 928 1766 Noster
947 1703 1116 1764 cardinalis
1130 1707 1240 1765 Renu-

272 1801 358 1873 tius,
384 1801 528 1880 Anconae
556 1801 736 1876 episcopus,
759 1817 888 1876 eamque
909 1798 1081 1876 diligenter
1102 1815 1158 1876 pro
1182 1816 1240 1858 sua

272 1895 392 1972 pietate
414 1893 623 1970 prosequitur.
645 1894 711 1952 Hoc
731 1893 835 1968 igitur
855 1893 1039 1952 continuato
1061 1909 1117 1969 per
1138 1891 1238 1968 ipsius
1293 1893 1294 1902 ’

273 1991 482 2066 praestantem
505 2004 630 2063 operam
653 1985 789 2045 subsidio
815 1985 888 2046 illos
916 1986 1111 2063 aliquantum
1135 1986 1239 2044 suble-

272 2083 356 2155 vari,
372 2081 561 2158 ibidemque,
579 2081 631 2140 ubi
646 2081 709 2139 iam
732 2079 954 2153 substiterunt,
971 2081 1070 2140 vitam
1097 2079 1237 2139 tolerare
1292 2105 1293 2114 ¹

272 2193 361 2253 posse
382 2174 574 2234 confidimus.
602 2174 713 2234 Itidem
736 2173 786 2232 hio
814 2172 1032 2251 coniungimus
1060 2171 1238 2248 exemplum

272 2269 469 2340 litterarum,
481 2285 557 2343 quas
572 2269 635 2327 Nos
656 2265 715 2342 ipsi
738 2266 890 2337 dedimus,
904 2267 952 2324 die
968 2266 1115 2325 vicesima
1136 2264 1240 2341 prima
1292 2285 1293 2294 ³

273 2361 451 2422 novembris
465 2361 538 2420 anni
556 2361 644 2432 1792,
664 2363 701 2420 ad
718 2359 900 2420 uuiversum
915 2359 1102 2419 Germaniae
1117 2359 1238 2417 clerum
1292 2419 1293 2424 ,

273 2459 339 2516 tam
351 2453 659 2538 saecularem,yquam
673 2453 864 2529 regularem,
879 2453 989 2529 quibus
1011 2451 1239 2512 studiosissime
1292 2447 1293 2458 ’

271 2548 363 2608 illum
385 2548 422 2608 ad
436 2548 659 2623 praestandum
674 2547 839 2622 emigratis
853 2545 1075 2606 aeclesiasticis
1097 2561 1240 2604 necessa-
1292 2561 1293 2622 f

272 2641 356 2702 rium
379 2641 465 2700 vitae
486 2639 677 2716 praesidium
698 2639 822 2700 hortati
844 2658 961 2711 sumus,
985 2657 1083 2716 neque
1105 2657 1164 2696 non
1180 2639 1240 2698 ali·

271 2754 361 2814 quem
384 2752 444 2797 non
466 2731 653 2802 mediocrem
668 2732 759 2792 huius
782 2732 1004 2792 sollicitudinis
1018 2735 1155 2794 Nostrae
1169 2733 1240 2792 fru-
1292 2759 1293 2762 ¹

271 2834 357 2890 ctum
379 2827 523 2903 deinceps
543 2825 704 2886 exstitisse
720 2826 901 2903 gaudemus.
914 2827 982 2902 lpse
1004 2826 1127 2902 pariter
1141 2845 1241 2885 vene·
1292 2821 1293 2830 ’

272 2921 383 2984 rabilis
397 2920 498 2990 irater
512 2918 720 2980 Lucernensis
742 2919 870 2978 nuntius
883 2921 1000 2981 Noster
1021 2935 1126 2992 suam,
1141 2920 1240 2980 Nobis
1292 2939 1293 2954 ,

273 3012 507 3084 mandantibus,
524 3013 561 3070 ad
577 3011 704 3070 abbates
725 3011 988 3072 monasteriorum
1010 3012 1078 3070 eius
1100 3011 1240 3087 regionis

273 3106 362 3166 misit
382 3104 566 3181 epistolam,
588 3121 642 3162 nec
665 3121 731 3162 eam
753 3107 838 3162 certe
861 3103 996 3177 inanem,
1013 3107 1050 3163 ut
1075 3105 1242 3164 intellexi-

273 3216 360 3271 mus,
383 3196 540 3256 subsecuti
569 3199 753 3273 proventus.
778 3199 824 3256 Ex
846 3197 957 3273 quibus
979 3197 1121 3256 omnibus
1144 3197 1240 3259 facile

273 3290 346 3363 tibi,
367 3289 558 3350 venerabilis
580 3289 699 3362 frater,
724 3288 931 3365 persuaseris,
956 3296 1092 3366 quantae
1107 3308 1126 3350 a
1139 3291 1238 3350 Nobis

273 3402 310 3444 ao
330 3401 350 3442 a
362 3383 490 3444 Nostris
506 3400 598 3442 ourae
620 3382 686 3440 sint
699 3385 737 3441 ad
760 3385 996 3442 sustentandam
1010 3383 1240 3461 emigraturum

274 3478 374 3539 vitam
396 3479 568 3552 susceptae.
586 3477 704 3533 Verum
720 3493 756 3534 ue
772 3476 923 3552 postulati
940 3477 987 3536 tui
999 3477 1163 3538 videamur
1178 3497 1238 3538 non

274 3571 443 3648 plurimam
465 3567 609 3630 habuisse
629 3569 797 3643 rationem,
821 3569 887 3629 eius
915 3569 1078 3644 videlicet,
1093 3570 1184 3630 cuius
1204 3572 1238 3632 in
1291 3595 1292 3600 ¹
