2606 4268
676 275 713 290 -
737 243 794 304 110
815 275 852 288 -

283 351 362 410 Sede
389 351 577 426 apostoliea,
601 353 776 427 esponendo
803 353 946 411 tuttele
975 351 1165 417 eiroostanze
1194 351 1241 412 del

282 443 374 515 fatto,
398 463 413 502 e
436 444 467 502 in
490 444 612 520 seguito
635 445 721 506 dalla
742 445 910 505 medesima
930 444 955 503 si
979 447 1119 506 daranno
1140 445 1170 504 le
1193 462 1244 520 op·
1288 497 1289 504 ,

283 539 418 614 portune
441 537 641 614 providenze.

342 631 434 690 xxn
454 630 558 708 spru.
575 632 778 692 moeoxov

614 843 764 897 laattna
784 845 920 898 versio

367 1201 537 1262 Memoriae
553 1219 574 1261 a
591 1201 689 1279 Te)
646 1201 689 1279 (l)
704 1203 913 1262 transmissae
926 1205 1062 1278 epistola
1082 1203 1163 1261 data

431 1377 435 1384 Ι
504 1318 506 1322 ⁴
585 1297 929 1360 diedMartii1795

591 1016 943 1076 RESPONSUM

1288 1363 1289 1422 l

1288 1427 1289 1486 l

339 1479 415 1538 Oum
437 1477 553 1536 selecta
574 1477 785 1554 congregatio
808 1493 868 1582 pro
887 1476 1023 1552 negociis
1051 1475 1243 1535 eeclesiasti-

282 1571 335 1631 eis
351 1569 525 1630 Galliarum
550 1569 673 1645 praefat
675 1587 723 1629 am
740 1567 923 1628 memoriam
949 1569 993 1629 rit
995 1588 1011 1628 e
1035 1569 1289 1660 expenderit

281 1663 397 1723 constit
399 1662 447 1722 uit
459 1663 591 1738 probant
593 1680 609 1720 e
578 1659 719 1721 SSmo
727 1663 858 1723 Domino
870 1663 949 1721 Nost
936 1667 998 1734 t‚r0
1008 1662 1056 1722 illi
1069 1680 1087 1721 a
1099 1681 1159 1740 quo
1172 1681 1244 1740 pro·

280 1758 345 1836 posi
349 1756 474 1828 tatiuit,
487 1775 524 1816 ea
538 1757 717 1833 siguificare
732 1774 811 1834 quae
825 1757 908 1816 eirea
923 1747 1091 1832 petitiones
1106 1757 1242 1816 eiusdem
1288 1767 1289 1802 l

279 1851 448 1911 memoriae
469 1851 644 1911 constituta
666 1855 749 1910 sunt.

311 2004 314 2018 ,
342 1946 369 2004 1.
394 1945 514 2004 Petitio
536 1943 637 2020 prima
657 1943 789 2020 respicit
804 1945 1015 2006 iuramentum
1031 1944 1194 2006 liberta-tis
1215 1947 1246 2004 et

280 2037 495 2115 aequalitatis.

338 2135 378 2192 R.
388 2132 495 2198 Quoad
508 2131 586 2190 hane
599 2129 797 2207 petitionem,
812 2129 946 2190 sufficiat
959 2129 1095 2203 novisse,
1109 2133 1245 2190 nondum

279 2245 298 2285 a
319 2227 495 2285 Sanctitate
517 2227 580 2284 Sua
602 2224 760 2300 prolatum
775 2223 869 2282 fuisse
885 2223 1022 2284 solemne
1048 2223 1245 2284 definitivum

279 2318 428 2378 iudicium
450 2321 486 2376 de
508 2319 670 2394 praedicto
693 2317 882 2384 iuramento:
900 2335 935 2375 aa
952 2318 1168 2376 tantummodo
1184 2336 1247 2376 ωο-

280 2411 363 2471 nitos
390 2411 484 2471 fuisse
505 2413 573 2470 tum
595 2411 692 2470 laicos
715 2414 779 2470 tum
804 2410 1056 2483 aeclesiasticos,
1084 2410 1140 2486 qui
1166 2411 1246 2470 illud

279 2503 456 2577 ediderunt,
472 2499 510 2562 ot
524 2505 697 2564 cousulant
712 2504 930 2562 eonscientiae
944 2519 1032 2575 auae,
1050 2520 1122 2562 eum
1138 2504 1175 2561 ia
1191 2504 1247 2561 dao-

280 2599 330 2657 bio
351 2600 463 2658 iurare
483 2615 551 2656 aea
580 2599 693 2668 liceat,
719 2596 765 2656 uti
788 2598 877 2672 patet
897 2613 937 2654 ex
959 2596 1139 2656 duodecimo
1161 2596 1246 2657 inter

276 2692 449 2768 Responsa,
466 2709 543 2768 quae
559 2690 646 2752 dedit
661 2689 819 2750 Sanctitas
833 2689 897 2748 Sua
912 2690 948 2748 de
964 2679 1095 2748 oonsilio
1110 2690 1245 2750 selectae

277 2785 491 2846 Oardinalium
513 2783 775 2861 Congregationis
796 2781 930 2842 diversis
952 2781 1188 2859 quaestionibus
1203 2783 1248 2843 ei-

339 2944 374 3000 (1)
390 2944 438 2989 Hie
455 2943 609 2990 adamussim
630 2942 721 2990 titulus
745 2941 855 2986 oeenrrit
876 2941 904 2988 in
923 2940 1032 2988 diversis
1052 2942 1248 2990 collectionibus

276 3020 399 3064 Actorum
413 3019 452 3065 Pii
469 3021 504 3065 VI
521 3019 594 3065 editis
611 3014 628 3064 d
645 3015 724 3064 Paria
742 3013 837 3074 1798,ὰ
853 3015 935 3064 Rome
952 3019 1022 3076 1800;
1036 3019 1099 3076 quin
1107 3021 1197 3066 tamen
1206 3021 1249 3066 in-

276 3095 400 3152 noteseat,
418 3105 434 3138 a
450 3105 499 3150 quo
516 3089 646 3138 Memorio
661 3093 784 3151 prodierit
798 3095 824 3140 et
840 3095 949 3152 epistola
966 3093 1062 3152 soripta
1078 3095 1166 3142 fuerit.
1180 3097 1249 3154 Ope·

275 3181 320 3215 rae
335 3169 445 3226 pretinm
461 3167 552 3214 luisset
567 3169 634 3215 hano
650 3169 768 3216 notitiam
783 3169 874 3216 leotari
890 3169 1155 3228 suppositorumque
1171 3171 1248 3220 valde

276 3243 377 3291 difficile
397 3244 490 3290 luisset
505 3244 533 3290 in
548 3245 597 3291 hae
614 3245 691 3292 Urbe.
715 3245 745 3291 Id
762 3247 847 3292 autem
869 3245 948 3292 terme
964 3245 1121 3303 impossibile
1142 3249 1247 3305 evasit,

274 3322 409 3380 postquam
425 3321 550 3369 nonnulla
566 3323 728 3380 Apostolieae
745 3321 817 3370 Sedis
834 3323 947 3381 archiva,
966 3336 1055 3370 eornm
1075 3323 1149 3370 iussn
1165 3327 1195 3372 et
1212 3325 1247 3384 vi,

276 3396 320 3454 qui
334 3395 407 3446 modo
423 3397 483 3443 huie
499 3400 605 3446 sanctae
616 3399 714 3446 civitati
723 3398 847 3445 meabant
861 3400 888 3446 et
897 3399 1069 3456 dominantur,
1084 3399 1176 3446 aloois
1194 3401 1249 3448 suis

275 3470 371 3520 dimota
386 3473 414 3518 in
431 3472 483 3520 alia
498 3483 665 3532 praepropere
682 3475 766 3531 atque,
779 3476 809 3520 nt
825 3475 853 3521 in
869 3475 995 3524 similibus
1013 3476 1158 3524 necessario
1183 3490 1249 3525 oon-

274 3548 358 3608 tlngit
370 3547 523 3599 inordinate
539 3550 667 3600 manante
682 3551 750 3598 sunt.
