<?xml version="1.0" encoding="UTF-8"?>
<!DOCTYPE html PUBLIC "-//W3C//DTD XHTML 1.0 Transitional//EN"
    "http://www.w3.org/TR/xhtml1/DTD/xhtml1-transitional.dtd">
<html xmlns="http://www.w3.org/1999/xhtml" xml:lang="en" lang="en">
 <head>
  <title>
</title>
<meta http-equiv="Content-Type" content="text/html;charset=utf-8" />
  <meta name='ocr-system' content='tesseract 3.04.00' />
  <meta name='ocr-capabilities' content='ocr_page ocr_carea ocr_par ocr_line ocrx_word'/>
</head>
<body>
  <div class='ocr_page' id='page_1' title='image "./piivipontmaxact02piusgoog_0160.png"; bbox 0 0 2606 4268; ppageno 0'>
   <div class='ocr_carea' id='block_1_1' title="bbox 680 290 858 352">
    <p class='ocr_par' dir='ltr' id='par_1_1' title="bbox 680 290 858 352">
     <span class='ocr_line' id='line_1_1' title="bbox 680 290 858 352; baseline 0.011 -3"><span class='ocrx_word' id='word_1_1' title='bbox 680 290 858 352; x_wconf 80' lang='lat'>-148-</span> 
     </span>
    </p>
   </div>
   <div class='ocr_carea' id='block_1_2' title="bbox 280 394 1297 3267">
    <p class='ocr_par' dir='ltr' id='par_1_2' title="bbox 291 394 1257 567">
     <span class='ocr_line' id='line_1_2' title="bbox 291 394 1257 474; baseline -0.008 -14"><span class='ocrx_word' id='word_1_2' title='bbox 291 399 400 460; x_wconf 87' lang='lat' dir='ltr'><strong>nicam</strong></span> <span class='ocrx_word' id='word_1_3' title='bbox 413 407 444 458; x_wconf 88' lang='lat' dir='ltr'><strong>ct</strong></span> <span class='ocrx_word' id='word_1_4' title='bbox 457 396 695 460; x_wconf 70' lang='lat' dir='ltr'><strong><em>Salutationem</em></strong></span> <span class='ocrx_word' id='word_1_5' title='bbox 716 396 909 474; x_wconf 69' lang='lat' dir='ltr'><strong>Anaeticam</strong></span> <span class='ocrx_word' id='word_1_6' title='bbox 929 394 1095 468; x_wconf 73' lang='lat' dir='ltr'>recitabit,</span> <span class='ocrx_word' id='word_1_7' title='bbox 1122 395 1257 454; x_wconf 89' lang='lat' dir='ltr'><strong>centum</strong></span> 
     </span>
     <span class='ocr_line' id='line_1_3' title="bbox 291 489 1136 567; baseline -0.008 -14"><span class='ocrx_word' id='word_1_8' title='bbox 291 490 411 566; x_wconf 79' lang='lat' dir='ltr'><strong>diarum</strong></span> <span class='ocrx_word' id='word_1_9' title='bbox 432 489 661 567; x_wconf 79' lang='lat' dir='ltr'><strong>indulgentiam</strong></span> <span class='ocrx_word' id='word_1_10' title='bbox 682 489 822 566; x_wconf 89' lang='lat' dir='ltr'><strong>qualibet</strong></span> <span class='ocrx_word' id='word_1_11' title='bbox 843 489 910 548; x_wconf 86' lang='lat' dir='ltr'><strong>vice</strong></span> <span class='ocrx_word' id='word_1_12' title='bbox 932 489 1136 565; x_wconf 77' lang='lat' dir='ltr'>adipiscetur.</span> 
     </span>
    </p>

    <p class='ocr_par' dir='ltr' id='par_1_3' title="bbox 290 578 1258 939">
     <span class='ocr_line' id='line_1_4' title="bbox 349 578 1258 659; baseline -0.004 -15"><span class='ocrx_word' id='word_1_13' title='bbox 349 585 486 644; x_wconf 85' lang='lat' dir='ltr'><strong>Eandem</strong></span> <span class='ocrx_word' id='word_1_14' title='bbox 498 583 619 658; x_wconf 85' lang='lat' dir='ltr'><strong>pariter</strong></span> <span class='ocrx_word' id='word_1_15' title='bbox 633 585 839 658; x_wconf 81' lang='lat' dir='ltr'><strong>consequetur</strong></span> <span class='ocrx_word' id='word_1_16' title='bbox 853 582 1092 659; x_wconf 80' lang='lat' dir='ltr'><strong>indulgentiam,</strong></span> <span class='ocrx_word' id='word_1_17' title='bbox 1101 579 1154 658; x_wconf 90' lang='lat' dir='ltr'><strong>qui</strong></span> <span class='ocrx_word' id='word_1_18' title='bbox 1170 578 1258 640; x_wconf 83' lang='lat' dir='ltr'><strong>feria</strong></span> 
     </span>
     <span class='ocr_line' id='line_1_5' title="bbox 290 675 1256 754; baseline -0.005 -17"><span class='ocrx_word' id='word_1_19' title='bbox 290 681 381 754; x_wconf 70' lang='lat' dir='ltr'><strong>sexta</strong></span> <span class='ocrx_word' id='word_1_20' title='bbox 400 678 512 736; x_wconf 83' lang='lat' dir='ltr'><strong>devote</strong></span> <span class='ocrx_word' id='word_1_21' title='bbox 540 676 731 754; x_wconf 87' lang='lat' dir='ltr'><strong>cogitaverit</strong></span> <span class='ocrx_word' id='word_1_22' title='bbox 755 677 791 734; x_wconf 90' lang='lat' dir='ltr'><strong>de</strong></span> <span class='ocrx_word' id='word_1_23' title='bbox 813 675 981 749; x_wconf 87' lang='lat' dir='ltr'><strong>Passione,</strong></span> <span class='ocrx_word' id='word_1_24' title='bbox 1003 694 1038 738; x_wconf 91' lang='lat' dir='ltr'><strong>ac</strong></span> <span class='ocrx_word' id='word_1_25' title='bbox 1067 677 1172 736; x_wconf 88' lang='lat' dir='ltr'><strong>Morte</strong></span> <span class='ocrx_word' id='word_1_26' title='bbox 1194 675 1256 734; x_wconf 87' lang='lat' dir='ltr'><strong>Do·</strong></span> 
     </span>
     <span class='ocr_line' id='line_1_6' title="bbox 290 768 1256 846; baseline -0.008 -10"><span class='ocrx_word' id='word_1_27' title='bbox 290 770 368 836; x_wconf 79' lang='lat' dir='ltr'><strong>mini</strong></span> <span class='ocrx_word' id='word_1_28' title='bbox 387 769 497 830; x_wconf 85' lang='lat' dir='ltr'><strong>Nostri</strong></span> <span class='ocrx_word' id='word_1_29' title='bbox 519 772 588 830; x_wconf 86' lang='lat' dir='ltr'><strong>lesu</strong></span> <span class='ocrx_word' id='word_1_30' title='bbox 609 769 739 842; x_wconf 82' lang='lat' dir='ltr'><strong>Christi,</strong></span> <span class='ocrx_word' id='word_1_31' title='bbox 762 772 872 846; x_wconf 87' lang='lat' dir='ltr'><strong>terque</strong></span> <span class='ocrx_word' id='word_1_32' title='bbox 894 769 1081 830; x_wconf 79' lang='lat' dir='ltr'><strong>Orationem</strong></span> <span class='ocrx_word' id='word_1_33' title='bbox 1102 768 1256 828; x_wconf 84' lang='lat' dir='ltr'><strong>Domini·</strong></span> 
     </span>
     <span class='ocr_line' id='line_1_7' title="bbox 290 859 1092 939; baseline -0.002 -15"><span class='ocrx_word' id='word_1_34' title='bbox 290 881 362 924; x_wconf 86' lang='lat' dir='ltr'><strong>cam</strong></span> <span class='ocrx_word' id='word_1_35' title='bbox 374 872 405 923; x_wconf 86' lang='lat' dir='ltr'><strong>et</strong></span> <span class='ocrx_word' id='word_1_36' title='bbox 422 859 661 923; x_wconf 83' lang='lat' dir='ltr'><strong>Sitlatationcm</strong></span> <span class='ocrx_word' id='word_1_37' title='bbox 677 862 871 939; x_wconf 72' lang='lat' dir='ltr'><strong>Anaeticam</strong></span> <span class='ocrx_word' id='word_1_38' title='bbox 894 863 1092 924; x_wconf 80' lang='lat' dir='ltr'><strong>recitaverit.</strong></span> 
     </span>
    </p>

    <p class='ocr_par' dir='ltr' id='par_1_4' title="bbox 289 955 1252 1592">
     <span class='ocr_line' id='line_1_8' title="bbox 351 955 1252 1034; baseline -0.006 -18"><span class='ocrx_word' id='word_1_39' title='bbox 351 956 484 1034; x_wconf 84' lang='lat' dir='ltr'><strong>Quisque</strong></span> <span class='ocrx_word' id='word_1_40' title='bbox 498 973 572 1016; x_wconf 78' lang='lat' dir='ltr'><strong>vere</strong></span> <span class='ocrx_word' id='word_1_41' title='bbox 587 955 750 1032; x_wconf 85' lang='lat' dir='ltr'><strong>poenitens</strong></span> <span class='ocrx_word' id='word_1_42' title='bbox 764 961 892 1032; x_wconf 87' lang='lat' dir='ltr'><strong>peccata</strong></span> <span class='ocrx_word' id='word_1_43' title='bbox 905 957 1071 1016; x_wconf 86' lang='lat' dir='ltr'><strong>commissa</strong></span> <span class='ocrx_word' id='word_1_44' title='bbox 1083 955 1252 1016; x_wconf 87' lang='lat' dir='ltr'><strong>emendare</strong></span> 
     </span>
     <span class='ocr_line' id='line_1_9' title="bbox 290 1048 1251 1127; baseline -0.007 -12"><span class='ocrx_word' id='word_1_45' title='bbox 290 1051 426 1115; x_wconf 78' lang='lat' dir='ltr'><strong>firmiter</strong></span> <span class='ocrx_word' id='word_1_46' title='bbox 452 1053 622 1127; x_wconf 86' lang='lat' dir='ltr'><strong>proponat,</strong></span> <span class='ocrx_word' id='word_1_47' title='bbox 652 1048 874 1110; x_wconf 89' lang='lat' dir='ltr'><strong>conscientiam</strong></span> <span class='ocrx_word' id='word_1_48' title='bbox 902 1068 988 1110; x_wconf 91' lang='lat' dir='ltr'><strong>suam</strong></span> <span class='ocrx_word' id='word_1_49' title='bbox 1016 1048 1175 1121; x_wconf 86' lang='lat' dir='ltr'><strong>excutiat,</strong></span> <span class='ocrx_word' id='word_1_50' title='bbox 1198 1052 1251 1108; x_wconf 83' lang='lat' dir='ltr'><strong>tar</strong></span> 
     </span>
     <span class='ocr_line' id='line_1_10' title="bbox 293 1141 1250 1219; baseline -0.003 -16"><span class='ocrx_word' id='word_1_51' title='bbox 293 1143 446 1210; x_wconf 72' lang='lat' dir='ltr'><strong>Oratione</strong></span> <span class='ocrx_word' id='word_1_52' title='bbox 472 1142 645 1204; x_wconf 84' lang='lat' dir='ltr'><strong>Dominica</strong></span> <span class='ocrx_word' id='word_1_53' title='bbox 669 1149 700 1201; x_wconf 86' lang='lat' dir='ltr'><strong>et</strong></span> <span class='ocrx_word' id='word_1_54' title='bbox 717 1141 880 1219; x_wconf 72' lang='lat' dir='ltr'><strong>Anaetica</strong></span> <span class='ocrx_word' id='word_1_55' title='bbox 906 1141 1116 1202; x_wconf 72' lang='lat' dir='ltr'><strong>salutatione</strong></span> <span class='ocrx_word' id='word_1_56' title='bbox 1134 1143 1250 1200; x_wconf 83' lang='lat' dir='ltr'><strong>devote</strong></span> 
     </span>
     <span class='ocr_line' id='line_1_11' title="bbox 290 1234 1252 1314; baseline -0.002 -18"><span class='ocrx_word' id='word_1_57' title='bbox 290 1235 436 1314; x_wconf 85' lang='lat' dir='ltr'><strong>repetitis</strong></span> <span class='ocrx_word' id='word_1_58' title='bbox 461 1236 493 1294; x_wconf 91' lang='lat' dir='ltr'><strong>in</strong></span> <span class='ocrx_word' id='word_1_59' title='bbox 521 1237 668 1296; x_wconf 90' lang='lat' dir='ltr'><strong>honorem</strong></span> <span class='ocrx_word' id='word_1_60' title='bbox 696 1234 918 1296; x_wconf 78' lang='lat' dir='ltr'><strong>Sanctissimae</strong></span> <span class='ocrx_word' id='word_1_61' title='bbox 939 1234 1132 1306; x_wconf 80' lang='lat' dir='ltr'><strong>Trinitatis,</strong></span> <span class='ocrx_word' id='word_1_62' title='bbox 1155 1238 1191 1293; x_wconf 86' lang='lat' dir='ltr'><strong>et</strong></span> <span class='ocrx_word' id='word_1_63' title='bbox 1209 1234 1252 1296; x_wconf 86' lang='lat' dir='ltr'><strong>ub</strong></span> 
     </span>
     <span class='ocr_line' id='line_1_12' title="bbox 290 1328 1251 1406; baseline -0.003 -19"><span class='ocrx_word' id='word_1_64' title='bbox 290 1329 502 1394; x_wconf 82' lang='lat' dir='ltr'><strong>reverentiam</strong></span> <span class='ocrx_word' id='word_1_65' title='bbox 516 1329 652 1406; x_wconf 87' lang='lat' dir='ltr'><strong>quiaque</strong></span> <span class='ocrx_word' id='word_1_66' title='bbox 667 1328 832 1389; x_wconf 84' lang='lat' dir='ltr'><strong>vulnerum</strong></span> <span class='ocrx_word' id='word_1_67' title='bbox 850 1329 917 1388; x_wconf 89' lang='lat' dir='ltr'><strong>lesu</strong></span> <span class='ocrx_word' id='word_1_68' title='bbox 932 1328 1052 1390; x_wconf 82' lang='lat' dir='ltr'><strong>christi</strong></span> <span class='ocrx_word' id='word_1_69' title='bbox 1073 1329 1251 1404; x_wconf 76' lang='lat' dir='ltr'><strong>quinquies</strong></span> 
     </span>
     <span class='ocr_line' id='line_1_13' title="bbox 289 1419 1248 1504; baseline -0.001 -23"><span class='ocrx_word' id='word_1_70' title='bbox 289 1424 400 1482; x_wconf 88' lang='lat' dir='ltr'><strong>devote</strong></span> <span class='ocrx_word' id='word_1_71' title='bbox 427 1424 556 1482; x_wconf 85' lang='lat' dir='ltr'><strong>candem</strong></span> <span class='ocrx_word' id='word_1_72' title='bbox 579 1421 766 1482; x_wconf 81' lang='lat' dir='ltr'><strong>Orationem</strong></span> <span class='ocrx_word' id='word_1_73' title='bbox 802 1429 834 1482; x_wconf 86' lang='lat' dir='ltr'><strong>et</strong></span> <span class='ocrx_word' id='word_1_74' title='bbox 857 1420 1096 1504; x_wconf 73' lang='lat' dir='ltr'><strong>Salutationem</strong></span> <span class='ocrx_word' id='word_1_75' title='bbox 1116 1419 1248 1489; x_wconf 85' lang='lat' dir='ltr'><strong>recitet,</strong></span> 
     </span>
     <span class='ocr_line' id='line_1_14' title="bbox 289 1507 900 1592; baseline -0.005 -16"><span class='ocrx_word' id='word_1_76' title='bbox 289 1517 416 1584; x_wconf 79' lang='lat' dir='ltr'><strong>eandem</strong></span> <span class='ocrx_word' id='word_1_77' title='bbox 437 1515 665 1592; x_wconf 82' lang='lat' dir='ltr'><strong>indulgentiam</strong></span> <span class='ocrx_word' id='word_1_78' title='bbox 686 1507 900 1590; x_wconf 87' lang='lat' dir='ltr'><strong>consequetur.</strong></span> 
     </span>
    </p>

    <p class='ocr_par' dir='ltr' id='par_1_5' title="bbox 289 1606 1249 1968">
     <span class='ocr_line' id='line_1_15' title="bbox 348 1606 1248 1684; baseline -0.004 -16"><span class='ocrx_word' id='word_1_79' title='bbox 348 1609 479 1680; x_wconf 86' lang='lat' dir='ltr'><strong>Omnes,</strong></span> <span class='ocrx_word' id='word_1_80' title='bbox 501 1611 535 1667; x_wconf 89' lang='lat' dir='ltr'><strong>et</strong></span> <span class='ocrx_word' id='word_1_81' title='bbox 555 1608 695 1684; x_wconf 85' lang='lat' dir='ltr'><strong>singulas</strong></span> <span class='ocrx_word' id='word_1_82' title='bbox 719 1608 893 1668; x_wconf 86' lang='lat' dir='ltr'><strong>antedictas</strong></span> <span class='ocrx_word' id='word_1_83' title='bbox 917 1606 1129 1684; x_wconf 88' lang='lat' dir='ltr'><strong>indulgentias</strong></span> <span class='ocrx_word' id='word_1_84' title='bbox 1150 1623 1248 1666; x_wconf 64' lang='lat' dir='ltr'><strong>unus</strong></span> 
     </span>
     <span class='ocr_line' id='line_1_16' title="bbox 290 1699 1249 1777; baseline -0.004 -15"><span class='ocrx_word' id='word_1_85' title='bbox 290 1699 418 1777; x_wconf 86' lang='lat' dir='ltr'><strong>quisque</strong></span> <span class='ocrx_word' id='word_1_86' title='bbox 434 1699 613 1758; x_wconf 89' lang='lat' dir='ltr'><strong>memoratis</strong></span> <span class='ocrx_word' id='word_1_87' title='bbox 634 1699 740 1759; x_wconf 88' lang='lat' dir='ltr'><strong>dicbus</strong></span> <span class='ocrx_word' id='word_1_88' title='bbox 761 1701 882 1777; x_wconf 90' lang='lat' dir='ltr'><strong>poterit</strong></span> <span class='ocrx_word' id='word_1_89' title='bbox 902 1703 959 1762; x_wconf 88' lang='lat' dir='ltr'><strong>aut</strong></span> <span class='ocrx_word' id='word_1_90' title='bbox 978 1717 1034 1776; x_wconf 90' lang='lat' dir='ltr'><strong>pro</strong></span> <span class='ocrx_word' id='word_1_91' title='bbox 1055 1699 1157 1775; x_wconf 88' lang='lat' dir='ltr'><strong>seipso</strong></span> <span class='ocrx_word' id='word_1_92' title='bbox 1179 1699 1249 1758; x_wconf 91' lang='lat' dir='ltr'><strong>adi-</strong></span> 
     </span>
     <span class='ocr_line' id='line_1_17' title="bbox 289 1791 1247 1870; baseline 0.001 -20"><span class='ocrx_word' id='word_1_93' title='bbox 289 1791 379 1869; x_wconf 86' lang='lat' dir='ltr'><strong>pisci,</strong></span> <span class='ocrx_word' id='word_1_94' title='bbox 400 1794 457 1858; x_wconf 86' lang='lat' dir='ltr'><strong>aut</strong></span> <span class='ocrx_word' id='word_1_95' title='bbox 476 1792 620 1852; x_wconf 87' lang='lat' dir='ltr'><strong>fidelibus</strong></span> <span class='ocrx_word' id='word_1_96' title='bbox 640 1793 795 1856; x_wconf 84' lang='lat' dir='ltr'><strong>defunctis</strong></span> <span class='ocrx_word' id='word_1_97' title='bbox 816 1810 874 1870; x_wconf 89' lang='lat' dir='ltr'><strong>per</strong></span> <span class='ocrx_word' id='word_1_98' title='bbox 888 1795 1011 1852; x_wconf 90' lang='lat' dir='ltr'><strong>modum</strong></span> <span class='ocrx_word' id='word_1_99' title='bbox 1032 1791 1176 1869; x_wconf 87' lang='lat' dir='ltr'><strong>suffragii</strong></span> <span class='ocrx_word' id='word_1_100' title='bbox 1190 1809 1247 1868; x_wconf 80' lang='lat' dir='ltr'><strong>ap·</strong></span> 
     </span>
     <span class='ocr_line' id='line_1_18' title="bbox 289 1885 418 1968; baseline 0 -24"><span class='ocrx_word' id='word_1_101' title='bbox 289 1885 418 1968; x_wconf 86' lang='lat' dir='ltr'><strong>plicare.</strong></span> 
     </span>
    </p>

    <p class='ocr_par' dir='ltr' id='par_1_6' title="bbox 280 1977 1297 2530">
     <span class='ocr_line' id='line_1_19' title="bbox 349 1977 1297 2056; baseline -0.002 -16"><span class='ocrx_word' id='word_1_102' title='bbox 349 1979 496 2040; x_wconf 87' lang='lat' dir='ltr'><strong>Declarat</strong></span> <span class='ocrx_word' id='word_1_103' title='bbox 509 1980 636 2056; x_wconf 87' lang='lat' dir='ltr'><strong>insuper</strong></span> <span class='ocrx_word' id='word_1_104' title='bbox 657 1979 816 2042; x_wconf 81' lang='lat' dir='ltr'><strong>Sanctitas</strong></span> <span class='ocrx_word' id='word_1_105' title='bbox 830 1981 893 2040; x_wconf 89' lang='lat' dir='ltr'><strong>Sua</strong></span> <span class='ocrx_word' id='word_1_106' title='bbox 906 1979 1102 2040; x_wconf 85' lang='lat' dir='ltr'><strong>concessione</strong></span> <span class='ocrx_word' id='word_1_107' title='bbox 1122 1977 1247 2054; x_wconf 79' lang='lat' dir='ltr'><strong>praeta·</strong></span> <span class='ocrx_word' id='word_1_108' title='bbox 1296 1977 1297 1980; x_wconf 69' lang='grc'>’</span> 
     </span>
     <span class='ocr_line' id='line_1_20' title="bbox 280 2071 1249 2150; baseline -0.003 -17"><span class='ocrx_word' id='word_1_109' title='bbox 280 2075 393 2133; x_wconf 84' lang='lat' dir='ltr'><strong>&#39;tarum</strong></span> <span class='ocrx_word' id='word_1_110' title='bbox 407 2073 674 2150; x_wconf 86' lang='lat' dir='ltr'><strong>indulgentiarum</strong></span> <span class='ocrx_word' id='word_1_111' title='bbox 697 2074 784 2132; x_wconf 89' lang='lat' dir='ltr'><strong>nullo</strong></span> <span class='ocrx_word' id='word_1_112' title='bbox 805 2076 894 2132; x_wconf 87' lang='lat' dir='ltr'><strong>modo</strong></span> <span class='ocrx_word' id='word_1_113' title='bbox 910 2075 1061 2150; x_wconf 85' lang='lat' dir='ltr'><strong>derogare</strong></span> <span class='ocrx_word' id='word_1_114' title='bbox 1083 2071 1249 2148; x_wconf 87' lang='lat' dir='ltr'><strong>indulgen·</strong></span> 
     </span>
     <span class='ocr_line' id='line_1_21' title="bbox 288 2164 1296 2244; baseline -0.004 -18"><span class='ocrx_word' id='word_1_115' title='bbox 288 2165 367 2238; x_wconf 87' lang='lat' dir='ltr'><strong>tiis,</strong></span> <span class='ocrx_word' id='word_1_116' title='bbox 389 2184 464 2244; x_wconf 85' lang='lat' dir='ltr'><strong>quas</strong></span> <span class='ocrx_word' id='word_1_117' title='bbox 491 2166 548 2225; x_wconf 92' lang='lat' dir='ltr'><strong>alii</strong></span> <span class='ocrx_word' id='word_1_118' title='bbox 568 2165 688 2226; x_wconf 87' lang='lat' dir='ltr'><strong>Summi</strong></span> <span class='ocrx_word' id='word_1_119' title='bbox 709 2166 875 2226; x_wconf 86' lang='lat' dir='ltr'><strong>Pontifices</strong></span> <span class='ocrx_word' id='word_1_120' title='bbox 906 2167 1164 2226; x_wconf 88' lang='lat' dir='ltr'><strong>Praedecessorcs</strong></span> <span class='ocrx_word' id='word_1_121' title='bbox 1185 2164 1247 2223; x_wconf 90' lang='lat' dir='ltr'><strong>iam</strong></span> <span class='ocrx_word' id='word_1_122' title='bbox 1295 2203 1296 2206; x_wconf 19' lang='grc' dir='ltr'><strong>κ</strong></span> 
     </span>
     <span class='ocr_line' id='line_1_22' title="bbox 288 2257 1245 2336; baseline -0.002 -20"><span class='ocrx_word' id='word_1_123' title='bbox 288 2275 465 2316; x_wconf 89' lang='lat' dir='ltr'><strong>concessere</strong></span> <span class='ocrx_word' id='word_1_124' title='bbox 486 2276 542 2334; x_wconf 90' lang='lat' dir='ltr'><strong>pro</strong></span> <span class='ocrx_word' id='word_1_125' title='bbox 565 2259 721 2318; x_wconf 90' lang='lat' dir='ltr'><strong>nonnullis</strong></span> <span class='ocrx_word' id='word_1_126' title='bbox 749 2277 788 2318; x_wconf 82' lang='lat' dir='ltr'><strong>ex</strong></span> <span class='ocrx_word' id='word_1_127' title='bbox 809 2277 903 2336; x_wconf 90' lang='lat' dir='ltr'><strong>supra</strong></span> <span class='ocrx_word' id='word_1_128' title='bbox 924 2258 1070 2320; x_wconf 89' lang='lat' dir='ltr'><strong>indicatis</strong></span> <span class='ocrx_word' id='word_1_129' title='bbox 1092 2257 1152 2335; x_wconf 90' lang='lat' dir='ltr'><strong>piis</strong></span> <span class='ocrx_word' id='word_1_130' title='bbox 1174 2274 1245 2332; x_wconf 91' lang='lat' dir='ltr'><strong>ope-</strong></span> 
     </span>
     <span class='ocr_line' id='line_1_23' title="bbox 288 2350 1295 2423; baseline 0.001 -15"><span class='ocrx_word' id='word_1_131' title='bbox 288 2350 386 2423; x_wconf 71' lang='lat' dir='ltr'><strong>ribuS,</strong></span> <span class='ocrx_word' id='word_1_132' title='bbox 409 2351 516 2410; x_wconf 86' lang='lat' dir='ltr'><strong>volens</strong></span> <span class='ocrx_word' id='word_1_133' title='bbox 536 2353 659 2422; x_wconf 86' lang='lat' dir='ltr'><strong>easdem</strong></span> <span class='ocrx_word' id='word_1_134' title='bbox 680 2369 804 2410; x_wconf 89' lang='lat' dir='ltr'><strong>suorum</strong></span> <span class='ocrx_word' id='word_1_135' title='bbox 826 2353 1104 2412; x_wconf 82' lang='lat' dir='ltr'><strong>Praedecessorum</strong></span> <span class='ocrx_word' id='word_1_136' title='bbox 1120 2368 1248 2410; x_wconf 88' lang='lat' dir='ltr'><strong>conces-</strong></span> <span class='ocrx_word' id='word_1_137' title='bbox 1294 2379 1295 2392; x_wconf 47' lang='lat' dir='ltr'><strong>r</strong></span> 
     </span>
     <span class='ocr_line' id='line_1_24' title="bbox 287 2441 1294 2530; baseline 0.005 -30"><span class='ocrx_word' id='word_1_138' title='bbox 287 2441 388 2512; x_wconf 85' lang='lat' dir='ltr'><strong>siquas</strong></span> <span class='ocrx_word' id='word_1_139' title='bbox 409 2442 441 2500; x_wconf 90' lang='lat' dir='ltr'><strong>in</strong></span> <span class='ocrx_word' id='word_1_140' title='bbox 458 2461 517 2506; x_wconf 54' lang='lat' dir='ltr'><strong>¹suo</strong></span> <span class='ocrx_word' id='word_1_141' title='bbox 538 2444 651 2504; x_wconf 89' lang='lat' dir='ltr'><strong>robore</strong></span> <span class='ocrx_word' id='word_1_142' title='bbox 672 2461 865 2520; x_wconf 85' lang='lat' dir='ltr'><strong>permanere.</strong></span> <span class='ocrx_word' id='word_1_143' title='bbox 1291 2505 1294 2530; x_wconf 39' lang='lat'>4</span> 
     </span>
    </p>

    <p class='ocr_par' dir='ltr' id='par_1_7' title="bbox 287 2535 1293 3267">
     <span class='ocr_line' id='line_1_25' title="bbox 348 2535 1247 2608; baseline 0 -14"><span class='ocrx_word' id='word_1_144' title='bbox 348 2536 382 2594; x_wconf 91' lang='lat' dir='ltr'><strong>ln</strong></span> <span class='ocrx_word' id='word_1_145' title='bbox 404 2535 626 2596; x_wconf 88' lang='lat' dir='ltr'><strong>distribuendis</strong></span> <span class='ocrx_word' id='word_1_146' title='bbox 647 2542 752 2600; x_wconf 89' lang='lat' dir='ltr'><strong>autem</strong></span> <span class='ocrx_word' id='word_1_147' title='bbox 772 2537 949 2600; x_wconf 90' lang='lat' dir='ltr'><strong>huiusmodi</strong></span> <span class='ocrx_word' id='word_1_148' title='bbox 970 2537 1116 2608; x_wconf 73' lang='lat' dir='ltr'><strong>Coronis,</strong></span> <span class='ocrx_word' id='word_1_149' title='bbox 1138 2535 1247 2598; x_wconf 81' lang='lat' dir='ltr'><strong>Cruci·</strong></span> 
     </span>
     <span class='ocr_line' id='line_1_26' title="bbox 287 2629 1246 2706; baseline 0 -19"><span class='ocrx_word' id='word_1_150' title='bbox 287 2629 343 2690; x_wconf 86' lang='lat' dir='ltr'><strong>bus</strong></span> <span class='ocrx_word' id='word_1_151' title='bbox 364 2631 424 2688; x_wconf 89' lang='lat' dir='ltr'><strong>etc.</strong></span> <span class='ocrx_word' id='word_1_152' title='bbox 441 2646 606 2706; x_wconf 83' lang='lat' dir='ltr'><strong>eorumque</strong></span> <span class='ocrx_word' id='word_1_153' title='bbox 635 2649 693 2690; x_wconf 89' lang='lat' dir='ltr'><strong>usu</strong></span> <span class='ocrx_word' id='word_1_154' title='bbox 718 2630 940 2694; x_wconf 81' lang='lat' dir='ltr'><strong>Sanctissimae</strong></span> <span class='ocrx_word' id='word_1_155' title='bbox 961 2631 1107 2694; x_wconf 87' lang='lat' dir='ltr'><strong>Dominus</strong></span> <span class='ocrx_word' id='word_1_156' title='bbox 1128 2631 1246 2690; x_wconf 89' lang='lat' dir='ltr'><strong>Noster</strong></span> 
     </span>
     <span class='ocr_line' id='line_1_27' title="bbox 287 2721 1247 2801; baseline -0.003 -19"><span class='ocrx_word' id='word_1_157' title='bbox 287 2722 409 2793; x_wconf 86' lang='lat' dir='ltr'><strong>servari</strong></span> <span class='ocrx_word' id='word_1_158' title='bbox 423 2721 510 2780; x_wconf 90' lang='lat' dir='ltr'><strong>iubet</strong></span> <span class='ocrx_word' id='word_1_159' title='bbox 518 2722 686 2784; x_wconf 86' lang='lat' dir='ltr'><strong>Decretum</strong></span> <span class='ocrx_word' id='word_1_160' title='bbox 700 2727 756 2801; x_wconf 71' lang='lat' dir='ltr'><strong>fai.</strong></span> <span class='ocrx_word' id='word_1_161' title='bbox 764 2725 886 2784; x_wconf 84' lang='lat' dir='ltr'><strong>record.</strong></span> <span class='ocrx_word' id='word_1_162' title='bbox 898 2725 1087 2786; x_wconf 85' lang='lat' dir='ltr'><strong>Aleaandri</strong></span> <span class='ocrx_word' id='word_1_163' title='bbox 1106 2723 1172 2782; x_wconf 86' lang='lat' dir='ltr'><strong>Vll</strong></span> <span class='ocrx_word' id='word_1_164' title='bbox 1185 2722 1247 2782; x_wconf 90' lang='lat' dir='ltr'><strong>edi·</strong></span> 
     </span>
     <span class='ocr_line' id='line_1_28' title="bbox 288 2815 1292 2888; baseline 0.001 -13"><span class='ocrx_word' id='word_1_165' title='bbox 288 2818 355 2877; x_wconf 90' lang='lat' dir='ltr'><strong>tum</strong></span> <span class='ocrx_word' id='word_1_166' title='bbox 376 2816 431 2874; x_wconf 82' lang='lat' dir='ltr'><strong>sub</strong></span> <span class='ocrx_word' id='word_1_167' title='bbox 456 2816 543 2874; x_wconf 83' lang='lat' dir='ltr'><strong>died</strong></span> <span class='ocrx_word' id='word_1_168' title='bbox 562 2817 736 2876; x_wconf 77' lang='lat' dir='ltr'><strong>Februarii</strong></span> <span class='ocrx_word' id='word_1_169' title='bbox 751 2815 846 2887; x_wconf 80' lang='lat'><strong>1657,</strong></span> <span class='ocrx_word' id='word_1_170' title='bbox 864 2817 1026 2888; x_wconf 78' lang='lat' dir='ltr'><strong>nimirum,</strong></span> <span class='ocrx_word' id='word_1_171' title='bbox 1043 2819 1079 2876; x_wconf 90' lang='lat' dir='ltr'><strong>ut</strong></span> <span class='ocrx_word' id='word_1_172' title='bbox 1093 2817 1243 2886; x_wconf 82' lang='lat' dir='ltr'><strong>Coronae,</strong></span> <span class='ocrx_word' id='word_1_173' title='bbox 1291 2871 1292 2876; x_wconf 73' lang='grc'>,</span> 
     </span>
     <span class='ocr_line' id='line_1_29' title="bbox 287 2899 1246 2987; baseline -0.002 -17"><span class='ocrx_word' id='word_1_174' title='bbox 287 2909 412 2980; x_wconf 75' lang='lat' dir='ltr'><strong>Cruces,</strong></span> <span class='ocrx_word' id='word_1_175' title='bbox 427 2910 562 2968; x_wconf 88' lang='lat' dir='ltr'><strong>Rosaria</strong></span> <span class='ocrx_word' id='word_1_176' title='bbox 582 2899 657 2984; x_wconf 79' lang='lat' dir='ltr'><strong>etc,</strong></span> <span class='ocrx_word' id='word_1_177' title='bbox 674 2913 817 2987; x_wconf 81' lang='lat' dir='ltr'><strong>utsupra</strong></span> <span class='ocrx_word' id='word_1_178' title='bbox 831 2903 1004 2984; x_wconf 83' lang='lat' dir='ltr'><strong>benedicta,</strong></span> <span class='ocrx_word' id='word_1_179' title='bbox 1021 2912 1123 2986; x_wconf 90' lang='lat' dir='ltr'><strong>quoad</strong></span> <span class='ocrx_word' id='word_1_180' title='bbox 1138 2910 1246 2970; x_wconf 93' lang='lat' dir='ltr'><strong>indul-</strong></span> 
     </span>
     <span class='ocr_line' id='line_1_30' title="bbox 288 3000 1291 3082; baseline 0.004 -25"><span class='ocrx_word' id='word_1_181' title='bbox 288 3000 409 3076; x_wconf 87' lang='lat' dir='ltr'><strong>gentias</strong></span> <span class='ocrx_word' id='word_1_182' title='bbox 432 3019 489 3058; x_wconf 90' lang='lat' dir='ltr'><strong>non</strong></span> <span class='ocrx_word' id='word_1_183' title='bbox 511 3005 674 3062; x_wconf 85' lang='lat' dir='ltr'><strong>transeant</strong></span> <span class='ocrx_word' id='word_1_184' title='bbox 695 3003 1015 3078; x_wconf 88' lang='lat' dir='ltr'><strong>personamillorum,</strong></span> <span class='ocrx_word' id='word_1_185' title='bbox 1039 3003 1151 3079; x_wconf 87' lang='lat' dir='ltr'><strong>quibus</strong></span> <span class='ocrx_word' id='word_1_186' title='bbox 1174 3021 1245 3062; x_wconf 87' lang='lat' dir='ltr'><strong>con·</strong></span> <span class='ocrx_word' id='word_1_187' title='bbox 1290 3067 1291 3082; x_wconf 15' lang='grc' dir='ltr'>ἓ</span> 
     </span>
     <span class='ocr_line' id='line_1_31' title="bbox 287 3091 1289 3173; baseline 0.005 -23"><span class='ocrx_word' id='word_1_188' title='bbox 287 3110 390 3152; x_wconf 88' lang='lat' dir='ltr'><strong>cessae</strong></span> <span class='ocrx_word' id='word_1_189' title='bbox 411 3097 495 3166; x_wconf 89' lang='lat' dir='ltr'><strong>sunt,</strong></span> <span class='ocrx_word' id='word_1_190' title='bbox 517 3100 573 3155; x_wconf 89' lang='lat' dir='ltr'><strong>aut</strong></span> <span class='ocrx_word' id='word_1_191' title='bbox 593 3097 704 3172; x_wconf 90' lang='lat' dir='ltr'><strong>quibus</strong></span> <span class='ocrx_word' id='word_1_192' title='bbox 725 3098 763 3156; x_wconf 91' lang='lat' dir='ltr'><strong>ab</strong></span> <span class='ocrx_word' id='word_1_193' title='bbox 785 3096 825 3156; x_wconf 90' lang='lat' dir='ltr'><strong>iis</strong></span> <span class='ocrx_word' id='word_1_194' title='bbox 844 3091 1029 3173; x_wconf 81' lang='lat' dir='ltr'><strong>primariae</strong></span> <span class='ocrx_word' id='word_1_195' title='bbox 1051 3097 1246 3157; x_wconf 89' lang='lat' dir='ltr'><strong>distribuun·</strong></span> <span class='ocrx_word' id='word_1_196' title='bbox 1288 3145 1289 3148; x_wconf 63' lang='lat'><strong>,</strong></span> 
     </span>
     <span class='ocr_line' id='line_1_32' title="bbox 287 3185 1245 3267; baseline 0.005 -24"><span class='ocrx_word' id='word_1_197' title='bbox 287 3190 366 3257; x_wconf 82' lang='lat' dir='ltr'><strong>tur3</strong></span> <span class='ocrx_word' id='word_1_198' title='bbox 398 3203 452 3244; x_wconf 93' lang='lat' dir='ltr'><strong>nec</strong></span> <span class='ocrx_word' id='word_1_199' title='bbox 477 3185 582 3262; x_wconf 90' lang='lat' dir='ltr'><strong>aliqua</strong></span> <span class='ocrx_word' id='word_1_200' title='bbox 610 3205 644 3245; x_wconf 86' lang='lat' dir='ltr'><strong>re</strong></span> <span class='ocrx_word' id='word_1_201' title='bbox 670 3206 708 3247; x_wconf 84' lang='lat' dir='ltr'><strong>ex</strong></span> <span class='ocrx_word' id='word_1_202' title='bbox 736 3189 907 3264; x_wconf 88' lang='lat' dir='ltr'><strong>praedictis</strong></span> <span class='ocrx_word' id='word_1_203' title='bbox 935 3190 1096 3267; x_wconf 87' lang='lat' dir='ltr'><strong>deperdita</strong></span> <span class='ocrx_word' id='word_1_204' title='bbox 1127 3209 1184 3266; x_wconf 87' lang='lat' dir='ltr'><strong>pro</strong></span> <span class='ocrx_word' id='word_1_205' title='bbox 1211 3206 1245 3248; x_wconf 88' lang='lat' dir='ltr'><strong>ca</strong></span> 
     </span>
    </p>
   </div>
   <div class='ocr_carea' id='block_1_3' title="bbox 174 3277 1247 3360">
    <p class='ocr_par' dir='ltr' id='par_1_8' title="bbox 174 3277 1247 3360">
     <span class='ocr_line' id='line_1_33' title="bbox 174 3277 1247 3360; baseline 0.007 -25"><span class='ocrx_word' id='word_1_206' title='bbox 174 3345 178 3350; x_wconf 25' lang='lat'>¹</span> <span class='ocrx_word' id='word_1_207' title='bbox 287 3277 452 3354; x_wconf 86' lang='lat' dir='ltr'><strong>subrogari</strong></span> <span class='ocrx_word' id='word_1_208' title='bbox 467 3278 571 3338; x_wconf 89' lang='lat' dir='ltr'><strong>altera</strong></span> <span class='ocrx_word' id='word_1_209' title='bbox 592 3279 761 3342; x_wconf 85' lang='lat' dir='ltr'><strong>ullomodo</strong></span> <span class='ocrx_word' id='word_1_210' title='bbox 783 3283 894 3359; x_wconf 91' lang='lat' dir='ltr'><strong>possit,</strong></span> <span class='ocrx_word' id='word_1_211' title='bbox 910 3301 1102 3360; x_wconf 89' lang='lat' dir='ltr'><strong>quacumque</strong></span> <span class='ocrx_word' id='word_1_212' title='bbox 1125 3301 1247 3344; x_wconf 85' lang='lat' dir='ltr'><strong>conces·</strong></span> 
     </span>
    </p>
   </div>
   <div class='ocr_carea' id='block_1_4' title="bbox 286 3371 1289 3642">
    <p class='ocr_par' dir='ltr' id='par_1_9' title="bbox 286 3371 1289 3642">
     <span class='ocr_line' id='line_1_34' title="bbox 286 3371 1289 3450; baseline 0.006 -21"><span class='ocrx_word' id='word_1_213' title='bbox 286 3371 383 3444; x_wconf 87' lang='lat' dir='ltr'><strong>sione,</strong></span> <span class='ocrx_word' id='word_1_214' title='bbox 399 3375 455 3431; x_wconf 91' lang='lat' dir='ltr'><strong>aut</strong></span> <span class='ocrx_word' id='word_1_215' title='bbox 476 3372 643 3450; x_wconf 87' lang='lat' dir='ltr'><strong>privilegio</strong></span> <span class='ocrx_word' id='word_1_216' title='bbox 655 3374 688 3436; x_wconf 91' lang='lat' dir='ltr'><strong>iu</strong></span> <span class='ocrx_word' id='word_1_217' title='bbox 702 3377 896 3440; x_wconf 84' lang='lat' dir='ltr'><strong>contrarium</strong></span> <span class='ocrx_word' id='word_1_218' title='bbox 919 3396 979 3438; x_wconf 87' lang='lat' dir='ltr'><strong>non</strong></span> <span class='ocrx_word' id='word_1_219' title='bbox 1002 3379 1160 3441; x_wconf 86' lang='lat' dir='ltr'><strong>obstante:</strong></span> <span class='ocrx_word' id='word_1_220' title='bbox 1178 3395 1243 3436; x_wconf 89' lang='lat' dir='ltr'><strong>nco·</strong></span> <span class='ocrx_word' id='word_1_221' title='bbox 1287 3391 1289 3436; x_wconf 53' lang='grc' dir='ltr'><strong><em>ε</em></strong></span> 
     </span>
     <span class='ocr_line' id='line_1_35' title="bbox 286 3465 1243 3548; baseline 0.007 -27"><span class='ocrx_word' id='word_1_222' title='bbox 286 3481 346 3522; x_wconf 89' lang='lat' dir='ltr'><strong>non</strong></span> <span class='ocrx_word' id='word_1_223' title='bbox 367 3465 474 3524; x_wconf 90' lang='lat' dir='ltr'><strong>eadem</strong></span> <span class='ocrx_word' id='word_1_224' title='bbox 499 3468 700 3540; x_wconf 87' lang='lat' dir='ltr'><strong>commodari,</strong></span> <span class='ocrx_word' id='word_1_225' title='bbox 716 3473 772 3530; x_wconf 91' lang='lat' dir='ltr'><strong>aut</strong></span> <span class='ocrx_word' id='word_1_226' title='bbox 792 3471 934 3548; x_wconf 88' lang='lat' dir='ltr'><strong>precario</strong></span> <span class='ocrx_word' id='word_1_227' title='bbox 950 3471 1018 3532; x_wconf 86' lang='lat' dir='ltr'><strong>dari</strong></span> <span class='ocrx_word' id='word_1_228' title='bbox 1041 3491 1103 3532; x_wconf 86' lang='lat' dir='ltr'><strong>non</strong></span> <span class='ocrx_word' id='word_1_229' title='bbox 1125 3471 1243 3548; x_wconf 88' lang='lat' dir='ltr'><strong>possint</strong></span> 
     </span>
     <span class='ocr_line' id='line_1_36' title="bbox 286 3557 1242 3642; baseline 0.007 -26"><span class='ocrx_word' id='word_1_230' title='bbox 286 3574 342 3636; x_wconf 86' lang='lat' dir='ltr'><strong>pro</strong></span> <span class='ocrx_word' id='word_1_231' title='bbox 356 3557 622 3636; x_wconf 85' lang='lat' dir='ltr'><strong>indulgentiarum</strong></span> <span class='ocrx_word' id='word_1_232' title='bbox 634 3563 924 3638; x_wconf 87' lang='lat' dir='ltr'><strong>communicatione,</strong></span> <span class='ocrx_word' id='word_1_233' title='bbox 939 3565 1079 3642; x_wconf 84' lang='lat' dir='ltr'><strong>alioquin</strong></span> <span class='ocrx_word' id='word_1_234' title='bbox 1092 3564 1242 3634; x_wconf 79' lang='lat' dir='ltr'><strong>amittant</strong></span> 
     </span>
    </p>
   </div>
   <div class='ocr_carea' id='block_1_5' title="bbox 0 0 1308 4268">
    <p class='ocr_par' dir='ltr' id='par_1_10' title="bbox 0 0 1308 4268">
     <span class='ocr_line' id='line_1_37' title="bbox 0 0 1308 4268; baseline 0 1"><span class='ocrx_word' id='word_1_235' title='bbox 0 0 1308 4268; x_wconf 95' lang='lat' dir='ltr'><strong> </strong></span> 
     </span>
    </p>
   </div>
  </div>
 </body>
</html>
