2632 4262
477 335 515 348 -
536 302 596 363 253
619 334 656 348 ..

84 424 183 466 oxoro
205 408 243 468 ab
264 407 412 469 universa
432 409 590 483 Ecclesia,
616 409 667 468 cui
685 409 830 470 scandalo
844 409 907 470 fuit
921 411 1050 488 pusilla·

83 501 213 564 nimitas
234 520 315 564 mea.
541 492 543 497 ’

144 596 387 658 Gardinalitium
410 599 551 676 galerum
579 599 780 674 renuntiavi,
805 617 926 660 sacrum
957 601 1049 660 illum

83 689 233 750 Galerum
255 693 322 752 Iesu
344 692 464 754 Christi
486 693 637 772 sanguiue
660 693 814 768 tinctum,
837 693 890 771 qui
906 713 954 754 me
976 695 1049 754 dum
1131 727 1133 729 ·

83 788 213 861 praeter
233 802 323 844 omne
345 785 493 846 meritum
515 786 693 866 decoraret,
709 791 835 847 strenue
859 805 980 864 quoque
995 805 1049 846 ex·

82 877 205 939 citabat
225 879 263 939 ad
287 883 434 940 tuendam
455 880 612 942 Ecclesiae
642 881 779 959 gloriam
802 899 897 959 usque
920 881 957 942 ad
980 899 1048 942 sau·

82 973 188 1051 guinis
209 975 400 1036 effusionem.
417 975 511 1036 lllum
527 977 724 1050 renunciavi,
742 981 778 1038 nt
792 977 911 1037 carceri
927 983 960 1037 et
982 977 1049 1036 exi·

82 1066 126 1126 lio
148 1085 198 1126 me
219 1068 438 1142 subducerem,
460 1087 537 1145 quae
560 1069 637 1128 mihi
659 1069 824 1129 imminere
846 1070 1044 1142 dicebantur,

82 1160 116 1220 ni
138 1178 259 1221 sacram
280 1151 458 1238 Purpuram
484 1161 650 1222 exuissem.
675 1163 845 1239 Equidem,
870 1181 940 1222 cum
966 1163 1049 1222 indi·

81 1273 179 1332 gnum
202 1257 295 1315 hocce
317 1255 481 1316 consilium
496 1259 678 1333 suggestum
697 1260 758 1332 est,
774 1257 867 1335 gravi
882 1260 1045 1333 correptus

80 1347 192 1407 morbo
211 1349 450 1422 decumbebam,
467 1351 501 1408 et
521 1349 613 1426 gravi
642 1349 743 1409 aetati
764 1349 932 1411 coniuncta
957 1350 1048 1409 infir-

80 1441 178 1501 mitas
200 1442 364 1516 horrorem
386 1441 562 1502 cumulavit
582 1461 601 1502 a
621 1460 681 1519 quo
702 1432 844 1519 proditus
857 1443 914 1503 fui:
931 1446 966 1503 at
980 1442 1047 1520 pati

81 1534 189 1613 potius
209 1533 380 1594 debuissem
403 1537 439 1595 ut
460 1535 616 1596 u‘lectulo
638 1535 811 1612 abriperer,
831 1536 911 1596 utin
927 1535 1044 1596 itinere

81 1628 185 1688 vitam
206 1629 410 1701 conficerem
433 1629 538 1688 omnia
565 1627 642 1687 mihi
665 1628 769 1705 potius
790 1629 918 1690 ferenda
938 1633 1042 1702 erant,

81 1741 176 1800 quam
202 1723 395 1799 propositum
418 1723 505 1800 sequi
533 1723 714 1796 consilium,
738 1742 798 1800 quo
824 1725 947 1802 aliquot
967 1724 1046 1784 alios

82 1835 206 1877 meuses
226 1819 384 1877 mercatus
397 1816 443 1875 fui
460 1816 546 1878 vitae
567 1817 714 1890 infelicia,
730 1817 818 1877 cuius
841 1837 922 1878 nunc
943 1818 1045 1876 immi·

82 1914 141 1970 net
168 1909 250 1970 finis.
276 1912 360 1969 Bone
386 1912 486 1980 Deus,
516 1927 572 1968 cur
602 1927 660 1968 non
688 1911 877 1986 tempestive
905 1911 1045 1970 delatum

83 2003 163 2064 mihi
178 2005 225 2062 est
239 2020 420 2080 responsum
435 2001 556 2062 Summi
570 2002 752 2062 Pontifioisl
767 2003 849 2064 illud
865 2005 954 2064 Petri
969 2004 1046 2063 scri·

82 2099 173 2174 ptum
188 2095 418 2172 pusillanimem
432 2095 566 2154 fratrem
581 2099 654 2154 aute
669 2095 790 2172 lapsum
811 2096 1045 2171 confirmasset3

83 2190 164 2267 quod
189 2189 348 2248 redditum
376 2192 485 2266 postea
514 2191 579 2248 tam
608 2189 718 2248 acerbe
751 2188 818 2248 eius
843 2190 980 2249 animum
1001 2191 1047 2250 la-

83 2282 219 2343 ceravit.
605 2297 608 2305 ¹

145 2377 310 2436 Protestor
332 2377 474 2442 omnibus
494 2374 759 2460 Eminentissimis
780 2375 921 2436 Dominis
941 2375 1049 2436 Cardi-

85 2467 221 2542 nalibus,
244 2486 319 2545 quos
341 2467 414 2530 olim
438 2466 485 2528 uti
507 2466 623 2527 fratres
638 2469 753 2528 habere
775 2469 872 2528 honos
893 2467 971 2527 mihi
985 2468 1047 2529 fuit

84 2559 160 2641 (heu
178 2561 290 2640 dignus
312 2581 372 2622 uon
388 2561 498 2640 eram):
512 2565 674 2638 protestor
689 2562 854 2623 universae
868 2563 1045 2636 Ecclesiae,

83 2661 119 2716 et
139 2659 257 2718 Romae
278 2655 444 2734 imprimis,
461 2656 650 2718 erubescere,
663 2674 712 2715 me
734 2657 772 2715 de
794 2674 862 2716 mea
882 2657 1048 2733 pusillani-

83 2748 221 2822 mitate,
248 2749 327 2810 hauc
355 2744 410 2807 me'
433 2747 615 2822 deflevisse,
642 2749 730 2808 etin
757 2750 815 2810 hac
844 2749 940 2814 etiam
969 2751 1047 2812 hora

85 2857 192 2903 amare
214 2841 339 2900 deflere.
355 2840 474 2902 Norint
494 2844 600 2902 autem
621 2841 780 2915 universi,
800 2844 878 2920 quod
901 2841 928 2902 si
949 2842 1048 2902 hono-

83 2953 152 2995 rem
173 2933 399 2995 cardinalitiae
421 2933 606 3011 dignitatis,
621 2952 691 2994 oum
707 2953 755 2994 me
769 2934 888 2995 carceri
903 2938 936 2995 et
949 2935 1047 2996 exilio

86 3027 254 3088 obnoxium
276 3028 441 3101 redderet,
465 3028 627 3101 abdicavi,
652 3031 687 3088 et
711 3027 738 3088 si
760 3045 924 3088 aerumnas
950 3031 1045 3106 atque

84 3121 237 3182 itinerum
259 3119 419 3198 pericula,
435 3139 513 3198 quae
535 3120 591 3180 alii
622 3119 841 3198 gloriosissimi
862 3122 1044 3183 cardinales

85 3215 169 3292 passi
183 3219 267 3287 sunt,
284 3213 412 3273 minime
434 3213 642 3291 participavi,
666 3214 749 3275 arcti
770 3217 875 3275 tamen
899 3215 932 3274 in
954 3217 1043 3276 domo

85 3327 155 3368 mea
167 3308 303 3368 carceris
318 3325 448 3384 poenam
459 3307 561 3384 ipsum
577 3325 625 3366 me
637 3309 715 3368 mihi
727 3308 896 3386 irrogasse.
913 3309 1045 3370 Valetu-

9 3385 10 3400 ³
85 3401 156 3462 dine
171 3403 304 3478 urgente
319 3443 327 3474 ,
343 3403 439 3476 utque
454 3403 490 3460 ut
505 3399 577 3459 aliis
592 3399 831 3475 acquiescerem,
848 3419 905 3477 per
919 3401 1044 3478 aliquod

85 3499 208 3572 tempus
219 3495 340 3556 caelum
353 3493 486 3567 mutavi,
498 3497 609 3571 postea
620 3511 697 3552 vero
709 3511 757 3552 me
769 3493 908 3554 omnium
920 3511 1045 3571 conspe-

9 3625 10 3630 κ
85 3587 153 3648 ctui
171 3586 333 3660 subtraxi3
350 3590 490 3660 conatus,
514 3586 540 3646 si
561 3585 632 3646 fleri
647 3586 818 3662 potuisset,
841 3586 901 3663 ipsi
922 3587 981 3646 soli
997 3604 1045 3646 me
