2582 4270
273 402 409 486 carique
426 407 536 482 debet,
559 406 611 485 qui
633 411 760 487 martyr
781 428 842 470 nou
865 409 926 471 lam
949 429 989 470 ex
1011 412 1145 472 humana
1167 431 1243 490 per·

275 503 418 563 suasione
439 503 580 562 ereditus
601 501 655 577 sit,
679 504 730 562 sed
754 521 793 563 ex
814 503 1003 582 apostolieae
1018 505 1107 565 Sedis
1129 505 1243 565 iudicio

274 597 494 674 comprobatus
518 594 574 675 (1).
1289 669 1290 672 Ἴ

333 689 391 748 Die
412 689 514 767 igitur
535 687 622 748 vobis
643 687 819 764 indicenda,
836 690 867 750 ln
883 691 1043 769 pontificio
1056 693 1174 753 Nostro
1197 710 1246 753 sa·

273 780 352 841 eello
373 783 514 859 publicas
534 784 572 842 de
594 799 680 842 more
702 785 865 862 exsequias
881 803 943 846 una
957 785 1128 859 vollsoum,
1151 804 1246 844 vene-

273 873 392 934 rabiles
405 875 550 948 Fratres,
563 892 619 951 pro
634 876 793 936 Ludovieo
804 879 880 937 XVI
893 877 1153 938 christianissimo
1168 896 1242 956 rege

274 985 472 1046 peragemus.

724 1108 791 1164 vl.

554 1221 695 1272 moreris
716 1228 809 1272 rmus
829 1229 961 1273 suerrus

324 1373 357 1431 S.
388 1372 592 1432 ROMANAE
624 1373 849 1434 EOGL‘ESIAE
888 1372 1191 1434 CARDINALIBUS

365 1467 419 1526 ΕΤ
443 1465 539 1525 VEN.
555 1466 792 1526 FRATRIBUS
814 1465 1148 1526 ARGHIEPISGOPIS

614 1559 667 1618 ET
689 1559 898 1620 EPISOOPIS

343 1709 391 1768 Et.
406 1707 541 1768 Dilectis
559 1707 659 1768 Filiis
674 1705 855 1784 Capitulis,
880 1705 970 1768 Glero
992 1717 1023 1769 et
1044 1709 1169 1786 Populo

594 1802 703 1879 Repui
727 1799 915 1860 Galliarum

485 1953 657 2034 PIUS
702 1954 894 2030 ΡΑΡΑ
948 1954 1016 2030 Vl.

271 2144 402 2203 Dileoti
421 2143 507 2201 Filii
530 2141 662 2212 Nostri,
677 2143 764 2199 ven.
779 2144 930 2211 Fratres,
944 2158 984 2201 aa
998 2142 1127 2202 Dileoti
1141 2142 1240 2212 Filii,

364 2239 565 2296 salutemet
585 2236 823 2304 Apostolioam
843 2236 1139 2295 Benedictionem.

331 2395 378 2454 Ad
399 2394 533 2454 Nostros
554 2411 664 2452 manus
686 2391 814 2452 devenIt
834 2393 986 2470 seriptum
1008 2395 1171 2470 quoddam,
1189 2395 1240 2454 oui

271 2485 386 2546 titulus
398 2486 461 2564 (2):
484 2485 662 2564 Manifeste
676 2485 715 2544 de
730 2482 860 2545 l'armee
872 2486 1059 2546 etretieoue
1073 2494 1105 2545 et
1126 2489 1240 2562 ropule

272 2598 317 2639 uu
326 2583 446 2656 peuple
468 2581 630 2656 frangeis,
647 2581 669 2636 ui
684 2576 820 2651 Glirrou,
837 2595 871 2638 oe
888 2581 1031 2655 premier
1044 2577 1126 2638 Joiu
1139 2578 1238 2638 1793.

270 2673 335 2732 Hoc
354 2671 461 2750 itaque
482 2670 622 2748 scripto,
649 2671 772 2730 nomine
801 2671 996 2748 generalium
1017 2672 1135 2732 Ducum
1157 2673 1242 2731 chri-

270 2769 368 2831 stiani
389 2768 547 2830 exereitus
568 2769 600 2828 in
623 2770 737 2847 vulgus
758 2769 845 2846 typis
866 2769 963 2842 edito,
979 2768 1059 2828 illud
1081 2769 1167 2829 inter
1189 2789 1239 2828 ee-

271 2871 341 2924 tera
362 2864 554 2936 declaratur,
570 2864 649 2940 quod
671 2863 814 2922 volentes
835 2863 906 2940 ipsi,
924 2863 1021 2938 quoad
1044 2880 1153 2922 eornm
1167 2862 1240 2922 fieri

270 2960 416 3034 poteret,
439 2955 637 3033 Religionem
660 2955 844 3015 catholicam
866 2955 1000 3032 pristino
1022 2955 1120 3016 stetui
1142 2955 1241 3015 resti-

271 3053 374 3122 tuere,
396 3049 620 3125 fiorentemque
642 3047 730 3107 illam
752 3048 895 3121 reddere,
911 3046 1091 3107 invitabant
1111 3053 1241 3108 curatos

271 3142 304 3200 et
325 3140 473 3214 vicarios,
490 3139 690 3216 generalibus
708 3139 914 3200 facultatibus
934 3138 1151 3218 legItimorum
1172 3142 1242 3218 epi-

270 3251 431 3311 scoporum
454 3233 634 3306 destitutos,
651 3236 686 3293 nt
701 3251 733 3292 se
747 3236 972 3293 converterent
993 3235 1031 3293 ad
1052 3233 1240 3310 Episcopum
1284 3271 1285 3286 ;

270 3327 392 3405 Aprue,
409 3327 571 3388 Viearium
593 3327 800 3404 apostolieum
820 3327 854 3385 ln
876 3328 1008 3403 quodam
1030 3328 1140 3404 oppido
1160 3345 1242 3386 nun·

334 3476 369 3528 (1)
386 3473 514 3521 Benediot.
524 3476 593 3522 XIV.
604 3473 632 3520 in
642 3485 710 3532 oper.
723 3473 765 3519 eit.
777 3471 824 3518 lib.
836 3473 870 3517 11.
884 3483 939 3530 cup.
951 3473 1009 3518 XII.
1021 3484 1090 3518 num.
1105 3472 1143 3518 11.

334 3552 368 3603 (2)
387 3569 399 3590 u
411 3549 555 3597 Deolarutio
572 3549 697 3596 exereitus
714 3545 852 3593 christiani·
864 3547 890 3592 et
905 3545 970 3604 regii
986 3545 1019 3595 ad
1035 3547 1157 3607 populum
1178 3549 1241 3595 Gal-

271 3644 285 3665 »
296 3624 398 3684 liarum,
417 3625 445 3674 in
461 3623 552 3686 oppido
569 3621 601 3672 de
619 3621 727 3672 Oliaros
744 3622 757 3668 1
774 3620 843 3669 Iunii
860 3621 946 3670 179³.»
