<?xml version="1.0" encoding="UTF-8"?>
<!DOCTYPE html PUBLIC "-//W3C//DTD XHTML 1.0 Transitional//EN"
    "http://www.w3.org/TR/xhtml1/DTD/xhtml1-transitional.dtd">
<html xmlns="http://www.w3.org/1999/xhtml" xml:lang="en" lang="en">
 <head>
  <title>
</title>
<meta http-equiv="Content-Type" content="text/html;charset=utf-8" />
  <meta name='ocr-system' content='tesseract 3.04.00' />
  <meta name='ocr-capabilities' content='ocr_page ocr_carea ocr_par ocr_line ocrx_word'/>
</head>
<body>
  <div class='ocr_page' id='page_1' title='image "./piivipontmaxact02piusgoog_0261.png"; bbox 0 0 2624 4260; ppageno 0'>
   <div class='ocr_carea' id='block_1_1' title="bbox 61 344 1099 1443">
    <p class='ocr_par' dir='ltr' id='par_1_1' title="bbox 61 344 1099 1443">
     <span class='ocr_line' id='line_1_1' title="bbox 64 344 1032 426; baseline 0 -22"><span class='ocrx_word' id='word_1_1' title='bbox 64 345 201 405; x_wconf 76' lang='lat' dir='ltr'>mettere</span> <span class='ocrx_word' id='word_1_2' title='bbox 230 345 296 406; x_wconf 88' lang='grc'><strong>6116</strong></span> <span class='ocrx_word' id='word_1_3' title='bbox 316 350 426 407; x_wconf 87' lang='lat' dir='ltr'>nostra</span> <span class='ocrx_word' id='word_1_4' title='bbox 446 347 632 426; x_wconf 81' lang='lat' dir='ltr'>Segreteria</span> <span class='ocrx_word' id='word_1_5' title='bbox 653 365 715 408; x_wconf 90' lang='lat' dir='ltr'>nna</span> <span class='ocrx_word' id='word_1_6' title='bbox 735 345 825 424; x_wconf 87' lang='lat' dir='ltr'>copia</span> <span class='ocrx_word' id='word_1_7' title='bbox 844 344 896 405; x_wconf 89' lang='lat' dir='ltr'>del</span> <span class='ocrx_word' id='word_1_8' title='bbox 916 347 1032 419; x_wconf 80' lang='lat' dir='ltr'>Breve,</span> 
     </span>
     <span class='ocr_line' id='line_1_2' title="bbox 63 439 1033 518; baseline -0.001 -18"><span class='ocrx_word' id='word_1_9' title='bbox 63 441 181 518; x_wconf 85' lang='lat' dir='ltr'>perche</span> <span class='ocrx_word' id='word_1_10' title='bbox 199 439 247 500; x_wconf 89' lang='grc'>616</span> <span class='ocrx_word' id='word_1_11' title='bbox 264 459 283 502; x_wconf 90' lang='grc'>6</span> <span class='ocrx_word' id='word_1_12' title='bbox 300 441 381 502; x_wconf 89' lang='grc'><strong>16111</strong></span> <span class='ocrx_word' id='word_1_13' title='bbox 395 441 574 515; x_wconf 86' lang='lat' dir='ltr'>manifesto,</span> <span class='ocrx_word' id='word_1_14' title='bbox 586 442 778 501; x_wconf 91' lang='lat' dir='ltr'>intendendo</span> <span class='ocrx_word' id='word_1_15' title='bbox 792 439 874 500; x_wconf 94' lang='lat' dir='ltr'>colla</span> <span class='ocrx_word' id='word_1_16' title='bbox 887 441 1033 517; x_wconf 76' lang='lat' dir='ltr'>presente</span> 
     </span>
     <span class='ocr_line' id='line_1_3' title="bbox 65 533 1099 612; baseline -0.001 -19"><span class='ocrx_word' id='word_1_17' title='bbox 65 533 98 593; x_wconf 92' lang='lat' dir='ltr'>di</span> <span class='ocrx_word' id='word_1_18' title='bbox 120 533 265 594; x_wconf 82' lang='lat' dir='ltr'>rinocore</span> <span class='ocrx_word' id='word_1_19' title='bbox 287 535 324 593; x_wconf 93' lang='lat' dir='ltr'>ed</span> <span class='ocrx_word' id='word_1_20' title='bbox 346 535 512 596; x_wconf 76' lang='lat' dir='ltr'>annullare</span> <span class='ocrx_word' id='word_1_21' title='bbox 533 535 571 595; x_wconf 88' lang='lat' dir='ltr'>in</span> <span class='ocrx_word' id='word_1_22' title='bbox 588 537 677 596; x_wconf 90' lang='lat' dir='ltr'>tutto</span> <span class='ocrx_word' id='word_1_23' title='bbox 697 552 714 594; x_wconf 91' lang='grc'>6</span> <span class='ocrx_word' id='word_1_24' title='bbox 735 551 791 612; x_wconf 89' lang='lat' dir='ltr'>per</span> <span class='ocrx_word' id='word_1_25' title='bbox 812 535 921 607; x_wconf 90' lang='lat' dir='ltr'>tutto,</span> <span class='ocrx_word' id='word_1_26' title='bbox 946 550 1032 593; x_wconf 91' lang='lat' dir='ltr'>come</span> <span class='ocrx_word' id='word_1_27' title='bbox 1098 573 1099 576; x_wconf 63' lang='lat'>,</span> 
     </span>
     <span class='ocr_line' id='line_1_4' title="bbox 63 627 1033 692; baseline -0.002 -4"><span class='ocrx_word' id='word_1_28' title='bbox 63 627 177 690; x_wconf 85' lang='lat' dir='ltr'>infatti</span> <span class='ocrx_word' id='word_1_29' title='bbox 190 629 384 692; x_wconf 88' lang='lat' dir='ltr'>annulliamo</span> <span class='ocrx_word' id='word_1_30' title='bbox 404 650 421 690; x_wconf 93' lang='grc'>6</span> <span class='ocrx_word' id='word_1_31' title='bbox 442 630 637 692; x_wconf 87' lang='lat' dir='ltr'>rivoohiamo</span> <span class='ocrx_word' id='word_1_32' title='bbox 658 631 691 692; x_wconf 91' lang='grc'>16</span> <span class='ocrx_word' id='word_1_33' title='bbox 711 631 820 691; x_wconf 88' lang='lat' dir='ltr'>nostra</span> <span class='ocrx_word' id='word_1_34' title='bbox 834 627 966 690; x_wconf 80' lang='lat' dir='ltr'>seconde</span> <span class='ocrx_word' id='word_1_35' title='bbox 986 627 1033 688; x_wconf 89' lang='lat' dir='ltr'>di·</span> 
     </span>
     <span class='ocr_line' id='line_1_5' title="bbox 63 721 1031 803; baseline 0.002 -23"><span class='ocrx_word' id='word_1_36' title='bbox 63 721 276 782; x_wconf 83' lang='lat' dir='ltr'>chiarazionc-</span> <span class='ocrx_word' id='word_1_37' title='bbox 290 723 373 785; x_wconf 83' lang='lat' dir='ltr'>fatte</span> <span class='ocrx_word' id='word_1_38' title='bbox 394 725 443 785; x_wconf 91' lang='lat' dir='ltr'>sul</span> <span class='ocrx_word' id='word_1_39' title='bbox 464 723 665 803; x_wconf 82' lang='lat' dir='ltr'>giuremento</span> <span class='ocrx_word' id='word_1_40' title='bbox 685 723 718 783; x_wconf 91' lang='lat' dir='ltr'>in</span> <span class='ocrx_word' id='word_1_41' title='bbox 740 723 898 783; x_wconf 92' lang='lat' dir='ltr'>occasione</span> <span class='ocrx_word' id='word_1_42' title='bbox 918 722 976 782; x_wconf 88' lang='lat' dir='ltr'>che</span> <span class='ocrx_word' id='word_1_43' title='bbox 997 721 1031 782; x_wconf 85' lang='grc'>16</span> 
     </span>
     <span class='ocr_line' id='line_1_6' title="bbox 63 816 1034 896; baseline 0.002 -22"><span class='ocrx_word' id='word_1_44' title='bbox 63 819 177 892; x_wconf 89' lang='lat' dir='ltr'>questo</span> <span class='ocrx_word' id='word_1_45' title='bbox 191 819 295 878; x_wconf 85' lang='lat' dir='ltr'>esatto</span> <span class='ocrx_word' id='word_1_46' title='bbox 309 817 360 878; x_wconf 89' lang='lat' dir='ltr'>dai</span> <span class='ocrx_word' id='word_1_47' title='bbox 371 816 551 878; x_wconf 88' lang='lat' dir='ltr'>Professori</span> <span class='ocrx_word' id='word_1_48' title='bbox 566 817 617 876; x_wconf 90' lang='lat' dir='ltr'>del</span> <span class='ocrx_word' id='word_1_49' title='bbox 629 817 769 896; x_wconf 74' lang='lat' dir='ltr'>collegio</span> <span class='ocrx_word' id='word_1_50' title='bbox 782 820 935 892; x_wconf 80' lang='lat' dir='ltr'>Romano,</span> <span class='ocrx_word' id='word_1_51' title='bbox 948 816 1034 894; x_wconf 83' lang='lat' dir='ltr'>giso-</span> 
     </span>
     <span class='ocr_line' id='line_1_7' title="bbox 62 901 1032 988; baseline 0.004 -20"><span class='ocrx_word' id='word_1_52' title='bbox 62 910 121 969; x_wconf 79' lang='lat' dir='ltr'>che</span> <span class='ocrx_word' id='word_1_53' title='bbox 136 901 170 969; x_wconf 88' lang='lat' dir='ltr'>in</span> <span class='ocrx_word' id='word_1_54' title='bbox 183 914 295 988; x_wconf 88' lang='lat' dir='ltr'>questa</span> <span class='ocrx_word' id='word_1_55' title='bbox 305 912 441 972; x_wconf 89' lang='lat' dir='ltr'>materia</span> <span class='ocrx_word' id='word_1_56' title='bbox 452 911 658 973; x_wconf 86' lang='lat' dir='ltr'>dichiariamo</span> <span class='ocrx_word' id='word_1_57' title='bbox 672 911 704 972; x_wconf 87' lang='lat' dir='ltr'>la</span> <span class='ocrx_word' id='word_1_58' title='bbox 719 915 829 972; x_wconf 89' lang='lat' dir='ltr'>nostra</span> <span class='ocrx_word' id='word_1_59' title='bbox 843 909 1032 972; x_wconf 86' lang='lat' dir='ltr'>obbedienna</span> 
     </span>
     <span class='ocr_line' id='line_1_8' title="bbox 62 1003 1032 1079; baseline 0.003 -16"><span class='ocrx_word' id='word_1_60' title='bbox 62 1021 80 1063; x_wconf 92' lang='lat' dir='ltr'>e</span> <span class='ocrx_word' id='word_1_61' title='bbox 104 1005 318 1066; x_wconf 78' lang='lat' dir='ltr'>commissione</span> <span class='ocrx_word' id='word_1_62' title='bbox 339 1006 402 1066; x_wconf 92' lang='lat' dir='ltr'>alle</span> <span class='ocrx_word' id='word_1_63' title='bbox 424 1006 575 1066; x_wconf 81' lang='lat' dir='ltr'>decisioni</span> <span class='ocrx_word' id='word_1_64' title='bbox 597 1007 648 1066; x_wconf 87' lang='lat' dir='ltr'>del</span> <span class='ocrx_word' id='word_1_65' title='bbox 669 1007 792 1066; x_wconf 87' lang='lat' dir='ltr'>Summo</span> <span class='ocrx_word' id='word_1_66' title='bbox 813 1003 991 1079; x_wconf 86' lang='grc' dir='ltr'><strong>Ρ66161166,</strong></span> <span class='ocrx_word' id='word_1_67' title='bbox 1012 1023 1032 1066; x_wconf 91' lang='grc'>6</span> 
     </span>
     <span class='ocr_line' id='line_1_9' title="bbox 62 1098 1033 1179; baseline 0 -21"><span class='ocrx_word' id='word_1_68' title='bbox 62 1099 117 1158; x_wconf 91' lang='grc'>661</span> <span class='ocrx_word' id='word_1_69' title='bbox 138 1103 245 1178; x_wconf 89' lang='lat' dir='ltr'>spetta</span> <span class='ocrx_word' id='word_1_70' title='bbox 264 1099 288 1160; x_wconf 93' lang='grc'>11</span> <span class='ocrx_word' id='word_1_71' title='bbox 309 1100 452 1179; x_wconf 82' lang='lat' dir='ltr'>decidere</span> <span class='ocrx_word' id='word_1_72' title='bbox 474 1101 520 1161; x_wconf 88' lang='lat' dir='ltr'>tal</span> <span class='ocrx_word' id='word_1_73' title='bbox 541 1101 708 1178; x_wconf 82' lang='lat' dir='ltr'>quistione.</span> <span class='ocrx_word' id='word_1_74' title='bbox 725 1101 760 1160; x_wconf 92' lang='lat' dir='ltr'>In</span> <span class='ocrx_word' id='word_1_75' title='bbox 776 1099 844 1158; x_wconf 87' lang='lat' dir='ltr'>fede</span> <span class='ocrx_word' id='word_1_76' title='bbox 859 1098 890 1158; x_wconf 92' lang='lat' dir='ltr'>di</span> <span class='ocrx_word' id='word_1_77' title='bbox 905 1100 962 1158; x_wconf 92' lang='lat' dir='ltr'>che</span> <span class='ocrx_word' id='word_1_78' title='bbox 979 1099 1033 1160; x_wconf 78' lang='lat' dir='ltr'>ab·</span> 
     </span>
     <span class='ocr_line' id='line_1_10' title="bbox 61 1191 1032 1272; baseline 0 -20"><span class='ocrx_word' id='word_1_79' title='bbox 61 1191 168 1272; x_wconf 81' lang='lat' dir='ltr'>bienno</span> <span class='ocrx_word' id='word_1_80' title='bbox 189 1193 387 1254; x_wconf 82' lang='lat' dir='ltr'>sottoscritto</span> <span class='ocrx_word' id='word_1_81' title='bbox 407 1193 440 1254; x_wconf 89' lang='grc'>16</span> <span class='ocrx_word' id='word_1_82' title='bbox 460 1195 605 1272; x_wconf 89' lang='lat' dir='ltr'>presente</span> <span class='ocrx_word' id='word_1_83' title='bbox 620 1193 651 1252; x_wconf 92' lang='lat' dir='ltr'>di</span> <span class='ocrx_word' id='word_1_84' title='bbox 667 1197 773 1253; x_wconf 89' lang='lat' dir='ltr'>nostro</span> <span class='ocrx_word' id='word_1_85' title='bbox 787 1191 914 1270; x_wconf 89' lang='lat' dir='ltr'>proprio</span> <span class='ocrx_word' id='word_1_86' title='bbox 929 1195 1032 1252; x_wconf 88' lang='lat' dir='ltr'>carat-</span> 
     </span>
     <span class='ocr_line' id='line_1_11' title="bbox 61 1287 631 1364; baseline 0 -18"><span class='ocrx_word' id='word_1_87' title='bbox 61 1289 133 1347; x_wconf 91' lang='lat' dir='ltr'>tere</span> <span class='ocrx_word' id='word_1_88' title='bbox 148 1290 258 1364; x_wconf 89' lang='lat' dir='ltr'>questo</span> <span class='ocrx_word' id='word_1_89' title='bbox 272 1288 525 1350; x_wconf 76' lang='lat' dir='ltr'>d123Febbraio</span> <span class='ocrx_word' id='word_1_90' title='bbox 543 1287 631 1348; x_wconf 81' lang='lat'>1799.</span> 
     </span>
     <span class='ocr_line' id='line_1_12' title="bbox 368 1380 989 1443; baseline -0.011 0"><span class='ocrx_word' id='word_1_91' title='bbox 368 1381 499 1443; x_wconf 83' lang='lat' dir='ltr'>Ottaoio</span> <span class='ocrx_word' id='word_1_92' title='bbox 519 1381 606 1442; x_wconf 79' lang='lat' dir='ltr'>Boni</span> <span class='ocrx_word' id='word_1_93' title='bbox 626 1381 740 1442; x_wconf 74' lang='lat' dir='ltr'>Arcto.</span> <span class='ocrx_word' id='word_1_94' title='bbox 763 1382 800 1440; x_wconf 84' lang='lat' dir='ltr'>di</span> <span class='ocrx_word' id='word_1_95' title='bbox 819 1380 989 1440; x_wconf 66' lang='lat' dir='ltr'>Nouianae</span> 
     </span>
    </p>
   </div>
   <div class='ocr_carea' id='block_1_2' title="bbox 63 1473 1029 1739">
    <p class='ocr_par' dir='ltr' id='par_1_2' title="bbox 63 1473 1029 1739">
     <span class='ocr_line' id='line_1_13' title="bbox 148 1473 892 1566; baseline -0.019 -21"><span class='ocrx_word' id='word_1_96' title='bbox 148 1552 155 1566; x_wconf 26' lang='lat' dir='ltr'>x</span> <span class='ocrx_word' id='word_1_97' title='bbox 588 1473 892 1550; x_wconf 71' lang='lat' dir='ltr'>Pro-Vicoycreote.</span> 
     </span>
     <span class='ocr_line' id='line_1_14' title="bbox 124 1562 1029 1645; baseline -0.008 -18"><span class='ocrx_word' id='word_1_98' title='bbox 124 1567 164 1645; x_wconf 87' lang='grc' dir='ltr'>(Ε</span> <span class='ocrx_word' id='word_1_99' title='bbox 189 1570 277 1630; x_wconf 88' lang='grc'><strong>61616</strong></span> <span class='ocrx_word' id='word_1_100' title='bbox 301 1569 403 1630; x_wconf 90' lang='lat' dir='ltr'>affissa</span> <span class='ocrx_word' id='word_1_101' title='bbox 430 1568 495 1628; x_wconf 89' lang='grc'><strong>6116</strong></span> <span class='ocrx_word' id='word_1_102' title='bbox 522 1567 702 1628; x_wconf 77' lang='grc'><strong>8666616616</strong></span> <span class='ocrx_word' id='word_1_103' title='bbox 730 1566 781 1626; x_wconf 90' lang='lat' dir='ltr'>del</span> <span class='ocrx_word' id='word_1_104' title='bbox 808 1564 971 1625; x_wconf 88' lang='lat' dir='ltr'>Vicariato</span> <span class='ocrx_word' id='word_1_105' title='bbox 997 1562 1029 1621; x_wconf 95' lang='lat' dir='ltr'>di</span> 
     </span>
     <span class='ocr_line' id='line_1_15' title="bbox 63 1660 353 1739; baseline -0.024 -17"><span class='ocrx_word' id='word_1_106' title='bbox 63 1660 191 1739; x_wconf 89' lang='lat' dir='ltr'>Roma).</span> <span class='ocrx_word' id='word_1_107' title='bbox 351 1725 353 1732; x_wconf 19' lang='lat' dir='ltr'>y</span> 
     </span>
    </p>
   </div>
   <div class='ocr_carea' id='block_1_3' title="bbox 394 1857 703 1916">
    <p class='ocr_par' dir='ltr' id='par_1_3' title="bbox 394 1857 703 1916">
     <span class='ocr_line' id='line_1_16' title="bbox 394 1857 703 1916; baseline 0.006 -4"><span class='ocrx_word' id='word_1_108' title='bbox 394 1857 546 1914; x_wconf 64' lang='grc'><strong>1161166</strong></span> <span class='ocrx_word' id='word_1_109' title='bbox 564 1862 703 1916; x_wconf 71' lang='lat' dir='ltr'>veruto</span> 
     </span>
    </p>
   </div>
   <div class='ocr_carea' id='block_1_4' title="bbox 305 2008 788 2078">
    <p class='ocr_par' dir='ltr' id='par_1_4' title="bbox 305 2008 788 2078">
     <span class='ocr_line' id='line_1_17' title="bbox 305 2008 788 2078; baseline -0.002 0"><span class='ocrx_word' id='word_1_110' title='bbox 305 2008 788 2078; x_wconf 76' lang='lat' dir='ltr'>RE&#39;PRAOTA&#39;PIO</span> 
     </span>
    </p>
   </div>
   <div class='ocr_carea' id='block_1_5' title="bbox 117 2167 969 2339">
    <p class='ocr_par' dir='ltr' id='par_1_5' title="bbox 117 2167 969 2339">
     <span class='ocr_line' id='line_1_18' title="bbox 117 2167 969 2244; baseline 0.004 -18"><span class='ocrx_word' id='word_1_111' title='bbox 117 2167 266 2228; x_wconf 76' lang='lat' dir='ltr'>Alterius</span> <span class='ocrx_word' id='word_1_112' title='bbox 286 2167 519 2229; x_wconf 78' lang='lat' dir='ltr'>Instructioois</span> <span class='ocrx_word' id='word_1_113' title='bbox 539 2185 635 2244; x_wconf 82' lang='lat' dir='ltr'>super</span> <span class='ocrx_word' id='word_1_114' title='bbox 656 2171 841 2229; x_wconf 76' lang='lat' dir='ltr'>iuramento</span> <span class='ocrx_word' id='word_1_115' title='bbox 862 2169 969 2230; x_wconf 78' lang='lat' dir='ltr'>editoe</span> 
     </span>
     <span class='ocr_line' id='line_1_19' title="bbox 338 2261 784 2339; baseline 0.004 -19"><span class='ocrx_word' id='word_1_116' title='bbox 338 2279 360 2320; x_wconf 88' lang='lat' dir='ltr'>a</span> <span class='ocrx_word' id='word_1_117' title='bbox 378 2261 419 2321; x_wconf 84' lang='lat' dir='ltr'>R.</span> <span class='ocrx_word' id='word_1_118' title='bbox 437 2261 477 2321; x_wconf 89' lang='lat' dir='ltr'>P.</span> <span class='ocrx_word' id='word_1_119' title='bbox 494 2261 534 2321; x_wconf 87' lang='lat' dir='ltr'>D.</span> <span class='ocrx_word' id='word_1_120' title='bbox 555 2261 784 2339; x_wconf 74' lang='lat' dir='ltr'>Viceayercote.</span> 
     </span>
    </p>
   </div>
   <div class='ocr_carea' id='block_1_6' title="bbox 8 2421 1033 3619">
    <p class='ocr_par' dir='ltr' id='par_1_6' title="bbox 8 2421 1033 3619">
     <span class='ocr_line' id='line_1_20' title="bbox 72 2421 1033 2500; baseline 0.002 -18"><span class='ocrx_word' id='word_1_121' title='bbox 72 2467 75 2474; x_wconf 84' lang='grc'>.</span> <span class='ocrx_word' id='word_1_122' title='bbox 125 2424 294 2499; x_wconf 89' lang='lat' dir='ltr'>Postquam</span> <span class='ocrx_word' id='word_1_123' title='bbox 316 2424 491 2500; x_wconf 88' lang='lat' dir='ltr'>accepimus</span> <span class='ocrx_word' id='word_1_124' title='bbox 513 2421 604 2484; x_wconf 80' lang='lat' dir='ltr'>SSn&#39;ni</span> <span class='ocrx_word' id='word_1_125' title='bbox 619 2425 742 2486; x_wconf 90' lang='lat' dir='ltr'>Domini</span> <span class='ocrx_word' id='word_1_126' title='bbox 763 2424 875 2500; x_wconf 78' lang='lat' dir='ltr'>Nostri</span> <span class='ocrx_word' id='word_1_127' title='bbox 895 2425 1033 2500; x_wconf 82' lang='lat' dir='ltr'>Aposto-</span> 
     </span>
     <span class='ocr_line' id='line_1_21' title="bbox 63 2505 1029 2591; baseline 0 -15"><span class='ocrx_word' id='word_1_128' title='bbox 63 2516 143 2576; x_wconf 90' lang='lat' dir='ltr'>lioas</span> <span class='ocrx_word' id='word_1_129' title='bbox 158 2505 306 2576; x_wconf 72' lang='lat' dir='ltr'>&#39;Litteras</span> <span class='ocrx_word' id='word_1_130' title='bbox 328 2515 360 2574; x_wconf 90' lang='lat' dir='ltr'>in</span> <span class='ocrx_word' id='word_1_131' title='bbox 382 2516 484 2576; x_wconf 85' lang='lat' dir='ltr'>forma</span> <span class='ocrx_word' id='word_1_132' title='bbox 498 2517 611 2577; x_wconf 87' lang='lat' dir='ltr'>Brevis</span> <span class='ocrx_word' id='word_1_133' title='bbox 633 2520 723 2579; x_wconf 88' lang='lat' dir='ltr'>datas</span> <span class='ocrx_word' id='word_1_134' title='bbox 744 2517 793 2579; x_wconf 91' lang='lat' dir='ltr'>die</span> <span class='ocrx_word' id='word_1_135' title='bbox 816 2518 854 2578; x_wconf 86' lang='lat' dir='ltr'>lo</span> <span class='ocrx_word' id='word_1_136' title='bbox 876 2516 1029 2591; x_wconf 79' lang='lat' dir='ltr'>Ianuarii,</span> 
     </span>
     <span class='ocr_line' id='line_1_22' title="bbox 62 2607 1030 2687; baseline 0.002 -19"><span class='ocrx_word' id='word_1_137' title='bbox 62 2608 219 2684; x_wconf 90' lang='lat' dir='ltr'>simulque</span> <span class='ocrx_word' id='word_1_138' title='bbox 234 2609 413 2669; x_wconf 87' lang='lat' dir='ltr'>mandatum</span> <span class='ocrx_word' id='word_1_139' title='bbox 436 2609 578 2670; x_wconf 90' lang='lat' dir='ltr'>omnibus</span> <span class='ocrx_word' id='word_1_140' title='bbox 592 2609 789 2687; x_wconf 80' lang='lat' dir='ltr'>significandi</span> <span class='ocrx_word' id='word_1_141' title='bbox 808 2610 883 2672; x_wconf 80' lang='grc'><strong>11166</strong></span> <span class='ocrx_word' id='word_1_142' title='bbox 898 2607 1030 2670; x_wconf 88' lang='lat' dir='ltr'>decisio-</span> 
     </span>
     <span class='ocr_line' id='line_1_23' title="bbox 62 2701 1030 2780; baseline 0.003 -19"><span class='ocrx_word' id='word_1_143' title='bbox 62 2719 146 2776; x_wconf 91' lang='lat' dir='ltr'>nem,</span> <span class='ocrx_word' id='word_1_144' title='bbox 170 2702 272 2762; x_wconf 90' lang='lat' dir='ltr'>nostri</span> <span class='ocrx_word' id='word_1_145' title='bbox 293 2701 386 2762; x_wconf 86' lang='lat' dir='ltr'>officii</span> <span class='ocrx_word' id='word_1_146' title='bbox 408 2721 473 2762; x_wconf 86' lang='lat' dir='ltr'>esse</span> <span class='ocrx_word' id='word_1_147' title='bbox 490 2703 631 2764; x_wconf 89' lang='lat' dir='ltr'>ducimus</span> <span class='ocrx_word' id='word_1_148' title='bbox 653 2703 832 2780; x_wconf 82' lang='lat' dir='ltr'>exemplum</span> <span class='ocrx_word' id='word_1_149' title='bbox 853 2702 1030 2780; x_wconf 87' lang='lat' dir='ltr'>praedicta·</span> 
     </span>
     <span class='ocr_line' id='line_1_24' title="bbox 61 2795 1030 2867; baseline 0 -11"><span class='ocrx_word' id='word_1_150' title='bbox 61 2813 134 2856; x_wconf 91' lang='lat' dir='ltr'>rum</span> <span class='ocrx_word' id='word_1_151' title='bbox 155 2795 354 2858; x_wconf 87' lang='lat' dir='ltr'>Litterarum</span> <span class='ocrx_word' id='word_1_152' title='bbox 375 2798 414 2858; x_wconf 92' lang='lat' dir='ltr'>ad</span> <span class='ocrx_word' id='word_1_153' title='bbox 434 2801 573 2858; x_wconf 87' lang='lat' dir='ltr'>nostram</span> <span class='ocrx_word' id='word_1_154' title='bbox 595 2796 805 2858; x_wconf 75' lang='lat' dir='ltr'>secretariam</span> <span class='ocrx_word' id='word_1_155' title='bbox 828 2795 975 2867; x_wconf 89' lang='lat' dir='ltr'>mittere,</span> <span class='ocrx_word' id='word_1_156' title='bbox 992 2800 1030 2856; x_wconf 94' lang='grc'>61</span> 
     </span>
     <span class='ocr_line' id='line_1_25' title="bbox 61 2889 1031 2967; baseline 0 -17"><span class='ocrx_word' id='word_1_157' title='bbox 61 2889 206 2950; x_wconf 86' lang='lat' dir='ltr'>omnibus</span> <span class='ocrx_word' id='word_1_158' title='bbox 234 2889 512 2958; x_wconf 66' lang='lat' dir='ltr'>innotescantdt</span> <span class='ocrx_word' id='word_1_159' title='bbox 531 2889 691 2967; x_wconf 86' lang='lat' dir='ltr'>praesenti</span> <span class='ocrx_word' id='word_1_160' title='bbox 720 2893 793 2950; x_wconf 90' lang='lat' dir='ltr'>actu</span> <span class='ocrx_word' id='word_1_161' title='bbox 817 2905 972 2950; x_wconf 87' lang='lat' dir='ltr'>revocare</span> <span class='ocrx_word' id='word_1_162' title='bbox 994 2892 1031 2950; x_wconf 90' lang='lat' dir='ltr'>et</span> 
     </span>
     <span class='ocr_line' id='line_1_26' title="bbox 61 2982 1029 3062; baseline 0 -20"><span class='ocrx_word' id='word_1_163' title='bbox 61 2983 196 3044; x_wconf 90' lang='lat' dir='ltr'>irritare</span> <span class='ocrx_word' id='word_1_164' title='bbox 211 2984 355 3044; x_wconf 81' lang='lat' dir='ltr'>velumus</span> <span class='ocrx_word' id='word_1_165' title='bbox 371 2983 403 3042; x_wconf 95' lang='lat' dir='ltr'>in</span> <span class='ocrx_word' id='word_1_166' title='bbox 419 2984 562 3044; x_wconf 88' lang='lat' dir='ltr'>omnibus</span> <span class='ocrx_word' id='word_1_167' title='bbox 576 2987 610 3044; x_wconf 91' lang='lat' dir='ltr'>et</span> <span class='ocrx_word' id='word_1_168' title='bbox 623 3001 680 3062; x_wconf 91' lang='lat' dir='ltr'>per</span> <span class='ocrx_word' id='word_1_169' title='bbox 701 2983 815 3056; x_wconf 87' lang='lat' dir='ltr'>omnia,</span> <span class='ocrx_word' id='word_1_170' title='bbox 829 2982 1029 3060; x_wconf 88' lang='lat' dir='ltr'>quemadmo-</span> 
     </span>
     <span class='ocr_line' id='line_1_27' title="bbox 63 3077 1028 3162; baseline 0 -26"><span class='ocrx_word' id='word_1_171' title='bbox 63 3078 138 3136; x_wconf 90' lang='lat' dir='ltr'>dum</span> <span class='ocrx_word' id='word_1_172' title='bbox 150 3094 266 3136; x_wconf 87' lang='lat' dir='ltr'>revera</span> <span class='ocrx_word' id='word_1_173' title='bbox 278 3077 445 3138; x_wconf 89' lang='lat' dir='ltr'>irritamus</span> <span class='ocrx_word' id='word_1_174' title='bbox 455 3080 488 3137; x_wconf 89' lang='lat' dir='ltr'>et</span> <span class='ocrx_word' id='word_1_175' title='bbox 500 3094 693 3162; x_wconf 77' lang='lat' dir='ltr'>revocamus,</span> <span class='ocrx_word' id='word_1_176' title='bbox 707 3077 872 3136; x_wconf 89' lang='lat' dir='ltr'>secundam</span> <span class='ocrx_word' id='word_1_177' title='bbox 887 3079 1028 3138; x_wconf 87' lang='lat' dir='ltr'>nostram</span> 
     </span>
     <span class='ocr_line' id='line_1_28' title="bbox 63 3168 1029 3247; baseline 0.001 -18"><span class='ocrx_word' id='word_1_178' title='bbox 63 3168 321 3242; x_wconf 84' lang='lat' dir='ltr'>declarationem,</span> <span class='ocrx_word' id='word_1_179' title='bbox 334 3187 426 3246; x_wconf 90' lang='lat' dir='ltr'>quam</span> <span class='ocrx_word' id='word_1_180' title='bbox 442 3186 535 3246; x_wconf 87' lang='lat' dir='ltr'>super</span> <span class='ocrx_word' id='word_1_181' title='bbox 556 3169 735 3230; x_wconf 88' lang='lat' dir='ltr'>iuramento</span> <span class='ocrx_word' id='word_1_182' title='bbox 750 3169 916 3242; x_wconf 88' lang='lat' dir='ltr'>edidimus,</span> <span class='ocrx_word' id='word_1_183' title='bbox 929 3189 1029 3247; x_wconf 89' lang='lat' dir='ltr'>quan-</span> 
     </span>
     <span class='ocr_line' id='line_1_29' title="bbox 62 3261 1026 3341; baseline 0.002 -19"><span class='ocrx_word' id='word_1_184' title='bbox 62 3263 102 3322; x_wconf 91' lang='lat' dir='ltr'>do</span> <span class='ocrx_word' id='word_1_185' title='bbox 123 3261 204 3322; x_wconf 89' lang='lat' dir='ltr'>illud</span> <span class='ocrx_word' id='word_1_186' title='bbox 225 3281 245 3323; x_wconf 86' lang='grc'>6</span> <span class='ocrx_word' id='word_1_187' title='bbox 265 3261 499 3322; x_wconf 85' lang='lat' dir='ltr'>Professoribus</span> <span class='ocrx_word' id='word_1_188' title='bbox 526 3263 658 3340; x_wconf 73' lang='lat' dir='ltr'>collegii</span> <span class='ocrx_word' id='word_1_189' title='bbox 689 3264 822 3334; x_wconf 86' lang='lat' dir='ltr'>Romani</span> <span class='ocrx_word' id='word_1_190' title='bbox 849 3263 1026 3341; x_wconf 83' lang='lat' dir='ltr'>expetitum</span> 
     </span>
     <span class='ocr_line' id='line_1_30' title="bbox 63 3355 1028 3432; baseline 0 -17"><span class='ocrx_word' id='word_1_191' title='bbox 63 3357 132 3415; x_wconf 89' lang='lat' dir='ltr'>eet:</span> <span class='ocrx_word' id='word_1_192' title='bbox 156 3355 305 3432; x_wconf 88' lang='lat' dir='ltr'>qnoniam</span> <span class='ocrx_word' id='word_1_193' title='bbox 325 3355 358 3414; x_wconf 93' lang='lat' dir='ltr'>in</span> <span class='ocrx_word' id='word_1_194' title='bbox 380 3357 437 3416; x_wconf 92' lang='lat' dir='ltr'>hac</span> <span class='ocrx_word' id='word_1_195' title='bbox 459 3373 493 3415; x_wconf 85' lang='lat' dir='ltr'>re</span> <span class='ocrx_word' id='word_1_196' title='bbox 516 3360 657 3416; x_wconf 88' lang='lat' dir='ltr'>nostram</span> <span class='ocrx_word' id='word_1_197' title='bbox 679 3355 888 3416; x_wconf 90' lang='lat' dir='ltr'>obedientiam</span> <span class='ocrx_word' id='word_1_198' title='bbox 908 3359 941 3416; x_wconf 89' lang='lat' dir='ltr'>et</span> <span class='ocrx_word' id='word_1_199' title='bbox 956 3357 1028 3415; x_wconf 90' lang='lat' dir='ltr'>sub-</span> 
     </span>
     <span class='ocr_line' id='line_1_31' title="bbox 61 3449 1025 3522; baseline 0 -13"><span class='ocrx_word' id='word_1_200' title='bbox 61 3449 244 3509; x_wconf 90' lang='lat' dir='ltr'>missionem</span> <span class='ocrx_word' id='word_1_201' title='bbox 264 3449 460 3510; x_wconf 87' lang='lat' dir='ltr'>declaramus</span> <span class='ocrx_word' id='word_1_202' title='bbox 481 3449 689 3509; x_wconf 88' lang='lat' dir='ltr'>decisionibus</span> <span class='ocrx_word' id='word_1_203' title='bbox 710 3449 831 3509; x_wconf 88' lang='lat' dir='ltr'>Summi</span> <span class='ocrx_word' id='word_1_204' title='bbox 850 3449 1025 3522; x_wconf 83' lang='lat' dir='ltr'>Pontificio,</span> 
     </span>
     <span class='ocr_line' id='line_1_32' title="bbox 8 3541 724 3619; baseline -0.006 -13"><span class='ocrx_word' id='word_1_205' title='bbox 8 3597 9 3606; x_wconf 73' lang='grc'>,</span> <span class='ocrx_word' id='word_1_206' title='bbox 63 3542 154 3603; x_wconf 88' lang='grc'><strong>66166</strong></span> <span class='ocrx_word' id='word_1_207' title='bbox 176 3546 225 3602; x_wconf 86' lang='grc'>661</span> <span class='ocrx_word' id='word_1_208' title='bbox 246 3543 326 3603; x_wconf 84' lang='grc'><strong>1666</strong></span> <span class='ocrx_word' id='word_1_209' title='bbox 346 3541 561 3619; x_wconf 89' lang='lat' dir='ltr'>quaestionem</span> <span class='ocrx_word' id='word_1_210' title='bbox 583 3543 724 3603; x_wconf 81' lang='lat' dir='ltr'>definire.</span> 
     </span>
    </p>
   </div>
   <div class='ocr_carea' id='block_1_7' title="bbox 0 0 1316 4260">
    <p class='ocr_par' dir='ltr' id='par_1_7' title="bbox 0 0 1316 4260">
     <span class='ocr_line' id='line_1_33' title="bbox 0 0 1316 4260; baseline 0 1"><span class='ocrx_word' id='word_1_211' title='bbox 0 0 1316 4260; x_wconf 95' lang='lat' dir='ltr'> </span> 
     </span>
    </p>
   </div>
  </div>
 </body>
</html>
