2582 4270
447 333 485 346 ..
510 301 604 360 15-

45 407 196 466 trimonia
224 407 423 467 celebrentur
450 427 554 468 coram
576 411 730 481 parocho,
753 415 786 468 et
807 411 924 469 duobus
955 411 1007 470 vel
1103 489 1104 492 Ἴ

43 501 145 560 tribus
167 501 300 559 testibus
313 504 468 578 tamquam
485 503 516 560 in
533 504 767 563 exsecutionem
788 505 914 564 Decreti
925 505 1008 566 Con·

42 595 110 654 cilii
131 595 324 667 Tridentini,
341 596 397 654 hoc
413 595 553 672 profecto
570 598 646 657 satis
662 598 754 656 debet
768 615 846 669 esse,
864 603 899 658 ut
914 615 1005 674 prae-

42 692 186 749 sumatur
208 688 293 748 facta
306 689 444 750 eiusdem
458 691 577 772 decreti
601 690 783 766 publicatiO,
800 692 882 752 sicut
896 695 1006 768 aperte

42 779 169 860 legitur*
186 782 217 840 in
240 782 430 841 resolutione
452 783 538 843 edita
560 802 578 843 a
599 785 632 842 S.
650 783 899 860 Congregatione
923 787 1004 845 Gon·

40 878 109 937 cilii
124 878 174 936 die
188 879 228 938 26
240 877 433 953 Septembris
445 878 518 937 anni
535 877 624 952 1602,
642 897 720 954 qaae
740 881 879 940 refertur
893 881 949 938 lib.
968 879 1006 939 10

41 975 247 1033 Decretorum
267 987 338 1046 pag.
356 971 413 1029 47:
436 971 695 1032 Publicatiouem
705 975 882 1047 praesumi,
899 975 955 1032 ubi
970 973 1006 1030 id

41 1067 214 1126 Decretum
224 1066 328 1141 suerit
340 1065 452 1139 aliquo
467 1072 606 1140 tempore
617 1066 654 1122 iu
661 1065 825 1124 Parccbia
837 1075 1005 1144 tamqnam

42 1161 214 1220 Decretum
236 1155 377 1217 Caecilii
397 1159 611 1226 observatum
625 1157 768 1234 idemque
786 1163 942 1218 statutum
959 1160 1005 1217 le-

40 1260 130 1336 gitur
152 1259 183 1316 in
206 1256 271 1315 alia
291 1255 483 1314 resolutione
504 1255 567 1312 diei
587 1255 627 1314 30
641 1255 750 1314 Martii
767 1257 841 1314 anni
858 1256 946 1316 1669.

100 1349 357 1414 2.'Lucionensis
385 1347 534 1406 dioecesis
563 1347 670 1406 fideles
699 1349 857 1408 abstinere
879 1350 1004 1408 omnino

40 1448 155 1508 debere
178 1464 196 1504 a
216 1444 428 1504 contrahendo
450 1440 650 1502 matrimonio
677 1459 779 1500 eoram
811 1442 1006 1518 municipali·

40 1547 122 1614 tate,
139 1545 196 1600 ant
217 1555 319 1598 coram
333 1535 459 1596 ¹officiali
481 1556 499 1597 a
521 1536 772 1612 municipalitate
788 1537 913 1596 selecto.
927 1539 1003 1598 (ium

39 1637 124 1695 enim
157 1639 223 1693 tum
245 1633 288 1705 ii,
311 1631 363 1708 qui
392 1629 674 1708 municipalitatem
703 1633 912 1706 componunt,
936 1633 1003 1688 tum

39 1729 183 1789 officialis
204 1746 223 1786 a
244 1725 494 1801 municipalitate
509 1725 640 1798 electus,
656 1724 721 1784 sint
737 1724 850 1800 publici
871 1723 1005 1782 iunctio·

39 1823 138 1894 narii,
152 1827 188 1880 ut
201 1819 302 1891 aiunt,
316 1817 527 1876 iuramentum
544 1817 739 1876 aOonventu
753 1816 904 1876 nationali
917 1835 1006 1893 prae·

38 1916 194 1992 scriptum
206 1911 371 1972 emiserint
383 1929 542 1969 necessum
558 1915 624 1982 est3
643 1917 831 1987 quapropter
847 1915 1003 1987 tamquam

38 2007 246 2078 schismatici,
268 2005 380 2065 autad
403 2004 512 2070 minus¹
527 2007 683 2080 tamquam
708 2005 882 2065 schismatis
904 2006 1004 2065 fauto-

39 2121 93 2161 res
113 2101 183 2160 iure
204 2098 319 2157 merito
341 2099 540 2171 reputantur.
565 2097 612 2154 Ex
633 2096 683 2154 his
704 2099 809 2154 autem
830 2096 909 2155 illud
933 2114 1005 2154 con-

37 2211 172 2270 sequens
193 2197 263 2264 est,
286 2189 444 2250 abstinere
470 2189 595 2246 omnino
625 2189 732 2248 fideles
760 2190 871 2248 debere
893 2208 912 2248 a
933 2207 1003 2247 con-

37 2291 196 2350 trahendo
221 2285 423 2346 matrimonio
445 2302 549 2344 eoram
579 2284 851 2360 municipalitate,
874 2304 928 2343 sen
950 2303 1001 2343 co·

36 2401 107 2442 ram
123 2379 247 2440 officiali
262 2397 280 2438 a
294 2376 545 2453 municipalitate
567 2377 701 2450 delecto,
718 2397 755 2438 ne
776 2379 841 2438 ulla
856 2379 1003 2440 schisma·

37 2478 81 2536 tis
103 2473 288 2550 contagione
311 2471 505 2548 polluantur.

99 2569 130 2627 3.
147 2569 264 2628 (iurare
286 2565 403 2624 idcirco
426 2563 533 2624 fideles
555 2565 667 2624 debere
689 2567 875 2625 contrahere
893 2565 1004 2626 matri·

36 2661 178 2724 monium
199 2675 303 2720 eoram
325 2657 460 2718 testibus
482 2661 515 2717 et
536 2658 671 2734 quidem,
688 2661 785 2736 quoad
801 2661 871 2719 fieri
890 2661 1000 2736 possit,

36 2751 218 2824 catholicis,
241 2752 422 2828 priusquam
444 2749 689 2827 municipalitati
712 2771 743 2811 se
766 2760 944 2828 praesentes
958 2753 1003 2813 si-

36 2851 139 2919 stant,
164 2851 199 2904 ut
220 2835 445 2921 praescriptam
466 2863 485 2902 a
507 2844 657 2903 nationali
677 2845 839 2904 Conventa
862 2845 1003 2906 declara-

37 2942 159 3001 tionem
180 2937 309 2999 feciant.
332 2940 374 2996 m
394 2936 539 3013 quoniam
561 2937 735 3012 complures
764 2955 803 2996 ex
831 2937 903 2996 istis
925 2937 1002 2998 fide-

38 3035 124 3094 libus
140 3051 198 3092 non
214 3036 344 3110 possunt
358 3031 481 3090 omnino
497 3032 665 3106 parochum
680 3030 857 3108 legitimum
873 3033 1000 3106 habere,

37 3127 176 3188 istorum
198 3123 339 3202 profecto
367 3123 514 3202 coniugia
538 3128 703 3184 contracta
730 3143 835 3184 coram
866 3126 999 3186 testibus

38 3223 72 3278 et
93 3218 160 3278 sine
182 3217 310 3294 parochi
331 3216 533 3294 praesentia,
555 3217 581 3276 si
604 3215 684 3276 nihil
710 3217 796 3277 aliud
818 3218 1000 3293 obstet„et

39 3312 157 3384 valida,
184 3315 217 3369 et
242 3310 333 3370 licita
354 3314 458 3382 erunt,
483 3315 518 3370 nt
543 3329 633 3386 saepe
658 3311 780 3387 saepius
806 3311 1000 3371 declaratum

37 3405 99 3465 fuit
119 3423 138 3464 a
156 3406 189 3462 S.
202 3404 454 3480 Congregatione
473 3404 604 3463 Concilii
617 3404 795 3463 Tridentini
811 3408 997 3482 interprete.

97 3501 129 3557 4.
151 3497 243 3559 Nihil
266 3503 370 3556 tamen
392 3497 614 3574 impedimento
635 3517 714 3570 csse,
736 3499 899 3575 quominus
920 3499 999 3560 fide-

37 3591 105 3666 les,
129 3595 166 3651 ut
185 3590 332 3651 civilibus
354 3591 515 3668 potiantur
537 3591 708 3665 effectibus,
732 3593 957 3670 praescriptam
980 3611 998 3653 a
