2606 4268
269 387 384 459 ximus,
406 385 474 445 sine
495 405 554 464 quo
576 385 656 447 nihil
679 371 727 448 est
748 387 901 460 validum,
918 385 998 445 nihil
1013 391 1063 444 est
1077 385 1237 454 sanetum,

269 480 316 539 ita
336 479 529 556 multiplicet
549 500 642 558 super
660 482 787 559 Fideles
803 486 875 542 tuae
888 480 1038 540 dioecesis
1050 478 1240 538 misericor-

271 573 354 634 diam
375 591 473 647 suam,
498 578 534 634 ut
555 560 684 636 caelesti
705 576 805 653 ipsius
827 575 932 653 gratia
953 574 1056 635 adiuti
1075 572 1240 633 declinent

270 685 290 728 a
310 668 393 727 malo
413 671 446 728 et
466 670 584 731 faciant
605 671 728 730 bonum.
760 670 891 747 Tibique
918 673 984 732 Nos
1005 675 1121 746 tuoque
1144 666 1239 744 gregi

271 763 483 838 Apostolioam
509 765 761 825 Benedictiouem
789 769 991 842 peramanter
1019 763 1237 841 impertimur.

351 859 465 918 Datum
487 859 604 918 Romae
625 859 675 916 die
697 861 711 918 I
732 859 876 918 Octobris
890 854 1240 929 Muuux01V‚Ponti-

271 947 383 1008 fioatus
404 949 514 1010 Nostri
535 969 616 1010 anuo
637 953 709 1012 XX.

688 1106 811 1161 xxx.

564 1226 693 1269 oinnoro
714 1226 796 1267 rimo
815 1226 940 1269 nosrao

312 1370 457 1430 ΙΟΑΝΝΙ
471 1373 652 1432 HENRIOO
671 1374 703 1431 S.
715 1375 754 1432 R.
766 1373 802 1430 Ε.
815 1371 1092 1432 PRESBYTERO
1114 1371 1235 1431 CARI).

572 1468 599 1524 A
620 1465 933 1526 FRANKENBERG

450 1613 451 1618 ’
505 1625 755 1702 Arctiepisoopo
778 1626 1008 1687 Meciliuieosi

506 1787 667 1866 PIUS
712 1787 889 1866 ΡΑΡΑ
935 1788 1002 1864 VI.

319 1976 455 2034 Dileote
475 1978 545 2036 Fili
569 1979 708 2050 Noster,
724 1980 877 2036 Salutem
898 1981 933 2035 et
953 1976 1192 2045 Apostolioam

607 2076 903 2133 Benedietlonem.

276 2441 396 2500 vineias
416 2441 570 2514 Belgicus,
586 2461 625 2501 ex
641 2442 705 2502 tuis
726 2446 829 2502 tamen
851 2442 972 2500 litteris
993 2460 1053 2499 nou
1073 2441 1174 2500 solum
1192 2459 1239 2500 re·

277 2541 426 2595 novatum
438 2536 470 2594 in
481 2536 578 2597 Nobis
590 2538 740 2596 sensimus
751 2538 889 2595 dolorem
900 2537 1064 2606 Nostrum,
1077 2537 1130 2593 sed
1144 2535 1240 2594 maio-

277 2647 344 2688 rem
366 2628 462 2687 etiam
484 2629 515 2686 iu
539 2631 661 2688 modum
689 2627 925 2706 amplificatum.
949 2623 994 2686 Ea
1022 2627 1105 2686 enim
1129 2627 1239 2686 soribis

278 2723 315 2780 de
336 2725 445 2781 vestra
473 2721 504 2779 iu
534 2726 681 2781 externas
707 2722 850 2798 regiones
872 2721 963 2798 fuga,
987 2723 1023 2779 de
1042 2720 1187 2779 adduotis
1207 2720 1237 2776 in

278 2815 414 2874 Galliam
435 2814 519 2874 iuter
540 2821 662 2874 eeteros
683 2815 762 2874 olari
779 2807 918 2873 ¹nominis
947 2811 1182 2884 sacerdotibus,
1205 2813 1238 2869 de

278 2909 421 2986 spoliatis
436 2909 561 2985 templis
576 2909 756 2985 erectisque
767 2908 928 2968 Lutetiam
943 2907 1090 2984 pretiosis
1104 2906 1238 2979 exuviis,

278 3003 477 3078 priorumque
492 3003 588 3061 etiam
603 3002 635 3060 in
649 3001 822 3060 Ecclesiam
841 3001 1071 3076 catholicosque
1086 3000 1239 3059 malorum

278 3096 469 3156 instantibus
485 3095 650 3172 perieulis:
668 3114 745 3172 quae
760 3095 863 3154 omnia
874 3097 939 3154 Nos
951 3094 1036 3152 inter
1048 3093 1195 3152 lacrimas
1209 3098 1240 3151 et

279 3189 413 3266 suspiria
425 3188 531 3248 divina
542 3189 673 3247 adorare
689 3187 830 3259 consilia,
846 3189 943 3264 iisque
959 3189 1097 3246 animum
1112 3187 1241 3245 submit-

282 3289 360 3355 tere,
383 3299 503 3358 uuaque
526 3282 748 3342 intensissimis
765 3282 958 3358 assiduisque
975 3279 1240 3340 obsecrationibus

279 3377 524 3452 omnipotentem
545 3376 620 3436 Eius
642 3376 887 3436 misericordiam
917 3375 1108 3452 implorare,
1138 3373 1241 3450 singu-

335 2254 403 2313 Etsi
419 2255 555 2331 plurimo
569 2256 665 2315 animi
679 2257 789 2317 Nostri
803 2271 944 2312 moerore
958 2254 1062 2312 affecti
1074 2252 1237 2324 fuerimus,
1291 2293 1292 2298 η

276 2365 345 2408 oum
368 2348 502 2424 primum
524 2351 717 2408 audissemus
738 2348 900 2407 Gallorum
917 2347 1108 2422 irruptiones
1122 2347 1155 2404 in
1169 2363 1238 2423 pro·
1291 2345 1292 2352 ’

280 3473 385 3532 lanter
399 3473 638 3530 admonuerunt.
654 3471 763 3532 Nihilo
779 3475 882 3530 tamen
905 3470 1007 3528 minus
1022 3486 1091 3528 oum
1109 3469 1166 3526 hoo
1180 3469 1241 3528 No·
1289 3479 1290 3532 ξ

280 3570 346 3626 stro
367 3565 457 3625 Illius
478 3583 630 3642 supernae
654 3565 827 3624 voluntatis
852 3563 999 3652 obsequio
1025 3562 1241 3639 coniungimus
