2624 4260
490 485 570 541 lix.

349 621 480 665 umucro
501 622 583 664 simo
603 622 722 665 uosrao

84 779 282 842 u0M1N100
304 781 336 841 S.
353 784 392 843 R.
408 785 445 842 E.
461 783 735 843 PRESBYTERO
756 783 979 844 GARDlNALl

372 874 687 936 RUPEFUOALDIO

254 1058 503 1138 Arcaiapiscopo
523 1061 774 1139 Rothomopensi

267 1222 437 1302 rius
487 1177 678 1300 Para
727 1224 795 1302 vi.

107 1434 245 1493 Dilecta
258 1435 329 1493 Fili
341 1426 490 1506 Noster,
505 1436 656 1494 Salutem
671 1440 706 1493 et
719 1436 955 1506 Apostolioam
988 1521 991 1528 ἱ

381 1530 675 1588 Benedictionem.

106 1705 208 1763 Recta
228 1707 262 1763 at
282 1722 320 1763 ex
342 1705 473 1776 ordine,
502 1705 622 1765 Dilecta
643 1704 707 1765 Fili
728 1707 861 1779 Noster,
884 1703 1010 1778 fecisti,

48 1814 116 1855 cum
148 1795 294 1856 defuncto
322 1797 471 1873 Episcopo
500 1798 733 1858 constantiensi
762 1798 917 1859 Ecclesiae
939 1800 1011 1857 tuae

47 1889 310 1966 Rothomagensis
325 1891 528 1967 Suffraganeo
544 1891 631 1950 illius
642 1891 800 1950 Ecclesiae
811 1891 1011 1950 administra·

46 1984 168 2042 tionem
189 1983 365 2060 suscepisti,
388 1987 421 2042 et
442 1983 584 2043 Vioarios
606 1983 774 2043 Generales
796 1985 871 2042 duos
892 1984 1009 2044 cousti-

46 2078 155 2150 tuisti‚
177 2078 204 2136 si
225 2077 268 2150 id,
292 2082 329 2137 ut
348 2097 367 2138 a
387 2077 644 2153 Metropolitanis
659 2077 750 2135 fieret
765 2077 1005 2137 constitutum-a

45 2172 145 2234 Nobis
166 2172 229 2231 suit
250 2190 305 2248 per
327 2172 473 2244 litteras,
496 2190 571 2248 quas
593 2171 684 2230 affers
714 2173 802 2230 datas
822 2170 872 2229 die
893 2171 932 2230 26
954 2172 1009 2230 Se-

47 2265 200 2341 ptembris
221 2283 301 2324 anuo
323 2266 411 2326 1791.
436 2265 575 2324 Tametsi
590 2265 671 2323 enim
688 2283 743 2322 nec
758 2264 939 2323 litterarum
954 2281 1007 2322 ea-

47 2377 117 2418 rum
138 2360 298 2436 exemplar
310 2359 340 2418 in
353 2363 444 2419 tanta
456 2375 561 2418 rerum
574 2359 811 2435 perturbatione
827 2359 1006 2429 habeamus,

47 2475 104 2516 nec
125 2474 177 2515 eas
196 2458 261 2518 Nos
283 2456 403 2515 dedisse
426 2458 637 2528 recordemur,
661 2457 740 2515 haud
765 2459 867 2526 tamen
885 2453 1008 2514 dubita·

47 2569 127 2622 mus,
151 2551 224 2626 quin
246 2568 283 2608 ea
303 2553 442 2625 potestas
463 2569 481 2609 a
502 2549 598 2611 Nobis
613 2567 733 2625 pereas
748 2549 875 2608 litteras
890 2549 1008 2607 Metro·

48 2643 200 2721 politanis
221 2645 305 2703 facta
326 2645 387 2715 sit,
410 2661 479 2702 cum
501 2645 535 2701 tu
558 2661 625 2703 eam
648 2661 667 2701 a
686 2643 785 2706 Nobis
806 2643 920 2702 factam
943 2661 1009 2701 esso

48 2737 188 2796 testeris.
212 2736 246 2795 Si
269 2736 353 2795 enim
375 2735 459 2795 facta
482 2754 540 2794 non
562 2735 684 2808 fuisset,
708 2738 782 2794 tunc
797 2753 815 2793 a
830 2739 861 2793 te
878 2754 936 2794 nou
953 2753 1010 2810 ge-

49 2829 165 2890 neralis
186 2829 239 2888 sed
261 2828 448 2904 capitularis
470 2829 615 2888 Vicarius
636 2829 799 2905 eligendus
825 2827 947 2886 fuisset.

108 2923 397 2997 Quomodooumque
420 2925 524 2981 autem
547 2939 597 2980 res
619 2940 651 2980 se
672 2921 807 2994 habeat,
831 2921 857 2980 si
879 2920 1006 2980 dubium

48 3015 164 3092 aliquid
189 2999 385 3087 extet,‘num
408 3032 484 3072 vero
506 3013 633 3075 litterae
647 3015 782 3076 Nostrae
797 3031 863 3074 eam
879 3013 937 3073 tibi
956 3030 1008 3088 po·

47 3110 197 3167 testatem
218 3106 349 3178 faciant,
372 3109 408 3165 ad
434 3124 554 3165 omnem
576 3105 822 3166 controversiam
838 3106 1009 3166 tollendam

46 3202 111 3261 Nos
128 3218 196 3260 eam
208 3217 289 3259 nunc
301 3198 433 3258 facimus
448 3199 519 3272 tibi,
536 3205 629 3278 atque
644 3201 747 3260 omnia
761 3205 833 3260 rata
847 3201 1008 3272 habemus,

48 3312 126 3371 quae
148 3311 167 3352 a
187 3300 220 3352 te
235 3293 319 3353 iacta
334 3297 418 3351 sunt:
432 3294 620 3369 praesertim
636 3312 705 3353 cum
719 3293 798 3353 illud
817 3295 938 3351 certum
954 3291 1007 3364 sit,

46 3388 218 3448 Canonicos
232 3386 353 3447 iuratos
375 3403 443 3444 oum
465 3385 577 3462 quibus
599 3375 825 3446 communicare
847 3387 878 3444 in
894 3384 1010 3445 divinis

47 3498 105 3538 non
121 3480 210 3554 licet,
227 3479 311 3538 omui
327 3481 484 3556 potestate
497 3497 604 3540 carere
616 3480 830 3557 capitularem
842 3478 1003 3540 Vicarium

11 3629 12 3670 1
48 3574 198 3651 eligendi.
