2606 4268
280 378 380 438 iorem
400 374 601 452 expostulare
623 373 774 434 videntur
795 371 1063 433 dilucidationem:
1076 377 1150 434 suut
1163 391 1243 434 vero

281 469 442 532 eiusmodi.
1021 517 1023 522 .

338 567 433 626 Num.
460 563 480 622 3
506 565 540 621 et
566 564 664 638 lpro
692 561 888 622 absolutione
915 579 1023 622 eorum
1051 580 1090 621 ex
1113 560 1241 638 populo,

281 657 334 736 qui
355 657 571 718 iusiurandum
594 654 727 715 civicum
750 657 1000 732 praestiterunt,
1023 658 1056 714 et
1071 673 1135 714 sese
1157 654 1245 714 achi-

280 735 390 814 smaiis
412 769 482 810 reos
507 750 695 824 effecerunt,
721 750 903 809 decernitur
923 767 942 809 a
962 750 1096 825 parocho
1119 748 1245 825 profes·

278 847 396 906 sionem
428 843 501 903 fidei
522 862 540 903 a
564 841 695 903 concilio
718 843 903 902 Tridentino
929 843 1154 919 praescriptam
1184 859 1244 917 pu-

280 940 359 1000 blice
386 923 654 1016 pronunciandam
677 955 761 1011 esse,
786 936 833 995 ita
862 939 897 995 ut
927 936 1031 1013 quivis
1056 953 1093 995 ex
1126 935 1242 1012 populo

277 1033 374 1092 verba
390 1030 558 1092 sacerdotis
572 1030 683 1089 deinde
697 1033 833 1107 repetat,
856 1048 933 1106 quae
949 1031 1061 1090 emissa
1072 1030 1141 1088 fidei
1166 1045 1244 1105 pro-

279 1127 411 1187 sessione
433 1125 675 1203 subiunguntur.
692 1124 845 1202 Populum
867 1141 923 1200 pro
944 1123 1012 1182 foro
1033 1127 1163 1184 externo
1186 1123 1244 1182 ab-

279 1220 462 1280 solvendum
474 1237 552 1292 esse,
565 1219 647 1278 serio
659 1220 763 1277 tamen
778 1220 965 1277 monendum
979 1219 1058 1278 hauc
1071 1218 1244 1278 absolutio·

279 1332 348 1372 nem
363 1330 419 1389 pro
434 1312 502 1371 loro
521 1312 648 1372 interno
670 1309 877 1372 conscientiae
892 1311 957 1370 vim
976 1311 1095 1371 nullam
1110 1313 1241 1384 habere,

280 1407 334 1466 sed
354 1407 407 1482 qui
429 1406 517 1467 illam
539 1405 602 1466 rite
618 1405 759 1466 obtinere
774 1405 866 1478 velit,
890 1423 959 1464 eum
982 1404 1014 1464 in
1031 1423 1118 1465 sacro
1140 1405 1243 1465 tribu·

280 1501 344 1561 nali
365 1519 490 1573 coram,
515 1501 618 1560 auimo
639 1519 714 1560 vere
736 1499 873 1560 contrito
895 1518 927 1559 se
948 1517 1093 1560 accusare
1114 1499 1239 1560 debere:

278 1613 389 1654 verum
411 1595 443 1653 in
458 1594 586 1654 Nostris
606 1593 787 1670 apostolicis
802 1591 923 1654 litteris
937 1593 999 1652 diei
1014 1595 1054 1654 29
1069 1591 1177 1653 martii
1192 1611 1243 1651 su·

278 1687 412 1764 perioris
427 1687 513 1758 anni,
535 1687 566 1745 iu
583 1688 693 1763 quibus
708 1687 914 1764 amplissimas
929 1687 1096 1746 facultates
1116 1704 1243 1746 conces·

278 1781 373 1840 simus
394 1779 646 1857 archiepiscopis,
663 1783 697 1839 et
717 1781 868 1858 episcopis
888 1781 978 1858 regni
990 1780 1180 1853 Galliarum,
1195 1788 1242 1842 at-

278 1892 337 1950 que
359 1875 517 1933 intereas
539 1875 723 1934 facultatem
746 1874 840 1934 etiam
862 1875 1044 1950 absolvendi
1069 1875 1163 1947 illos,
1189 1876 1241 1952 qui

278 1967 440 2027 schismati
462 1969 691 2041 adhaeserunt,
714 1971 747 2028 et
767 1967 900 2027 civicum
928 1969 1138 2028 iuramentum
1161 1987 1240 2046 pure

277 2063 311 2120 et
332 2060 517 2138 simpliciter
539 2061 728 2136 emiserunt,
757 2062 836 2121 hanc
861 2079 1008 2139 expresse
1029 2063 1240 2122 conditionem

276 2155 508 2230 requisivimus:
525 2157 694 2215 Dummodo
710 2160 826 2227 tamem
849 2173 902 2214 seu
923 2161 1030 2232 postea
1051 2175 1142 2233 quam
1156 2157 1240 2216 idem
1284 2211 1285 2238 ,

277 2247 487 2307 iuramentum
509 2248 631 2325 publice
652 2253 685 2308 et
705 2250 807 2325 palam
830 2249 1089 2320 retractaverint,
1108 2253 1142 2308 et
1162 2251 1241 2310 fide·
1284 2239 1285 2282 ¹

278 2340 356 2400 lium
379 2341 555 2400 scandalum
585 2341 805 2417 reparaverint
835 2359 870 2400 eo
891 2341 1017 2400 meliori
1045 2344 1154 2415 modo,
1180 2363 1240 2421 quo
1284 2395 1285 2431 ζ

277 2433 347 2492 fieri
368 2435 498 2511 poterit.
516 2437 617 2494 Tuum
639 2434 744 2513 itaque
765 2434 840 2510 erit,
856 2437 1046 2496 venerabilis
1066 2437 1182 2511 frater,
1208 2442 1240 2498 ut

277 2527 464 2604 delegationi
487 2529 573 2588 omni
594 2548 633 2588 ex
655 2534 744 2606 parte
763 2530 926 2590 inhaereas
941 2531 1033 2592 iuxta
1047 2549 1241 2609 praememo-
1283 2605 1284 2616 ἵ

276 2624 362 2679 ratas
377 2623 509 2682 Nostras
530 2623 718 2699 apostolicas
739 2623 881 2698 litteras,
904 2641 1050 2700 expresse
1070 2625 1168 2684 etiam
1192 2627 1240 2684 in·
1283 2617 1284 2626 ’

276 2714 418 2792 iungere,
446 2719 526 2794 quod
548 2716 677 2790 nemini,
700 2718 753 2795 qui
775 2718 985 2778 iuramentum
1006 2719 1139 2779 civicum
1162 2720 1240 2779 emi-

275 2809 368 2882 serit,
393 2810 548 2870 absolutio
573 2812 688 2886 detur,
714 2812 775 2872 nisi
802 2811 1014 2873 iuramentum
1042 2814 1122 2871 idem
1143 2819 1239 2872 antea

276 2902 424 2978 palamst
438 2904 560 2981 publice
575 2907 817 2979 retractaverit3
832 2925 893 2982 qua
907 2907 1131 2966 retractatione
1147 2925 1239 2982 prae-

275 2994 380 3068 missa,
397 2996 496 3057 danda
518 2998 673 3057 absolutio
688 3000 751 3058 erit
772 2999 862 3058 iuxta
877 3018 944 3060 eam
965 2999 1143 3070 formulam,
1159 3017 1238 3074 quae
1282 3013 1283 3069 l

275 3089 313 3146 ad
335 3089 450 3148 calcem
473 3093 544 3151 tuae
566 3093 734 3168 pastoralis
762 3093 913 3169 epistolae
940 3097 1131 3151 recensetur.
1148 3091 1238 3157 Quod

274 3180 391 3257 siquis
414 3183 606 3258 praedictam
628 3186 887 3245 retractationem
914 3188 1033 3262 palam,
1059 3188 1092 3244 et
1113 3185 1238 3260 publice

276 3274 376 3333 iacere
408 3279 683 3352 praetermiserit,
710 3282 747 3338 ad
777 3297 844 3338 eam
865 3279 1038 3339 faciendam
1065 3278 1237 3356 adigendus

275 3366 339 3426 erit
359 3373 523 3447 antequam
546 3372 749 3432 absolutionis
764 3371 912 3431 beneflcio
928 3373 1070 3432 donetur.

312 3461 405 3520 Num.
424 3463 636 3524 5decernitur
651 3467 730 3542 quod
747 3467 941 3541 «autequam
962 3466 1093 3542 populus
1111 3469 1236 3529 ratione

275 3556 433 3618 antedicta
445 3560 608 3620 absolutus
628 3560 764 3620 fuerit...
776 3575 793 3619 u
806 3559 910 3619 nullus
924 3559 956 3618 in
978 3559 1110 3622 ecclesia
1131 3563 1235 3623 cultus
1280 3559 1281 3614 l
