2606 4268
469 323 506 335 -
528 293 569 353 97
589 325 627 338 ..

123 398 239 464 noui
261 401 427 460 secundum
450 399 529 459 illud
553 399 765 460 iuramentum
787 401 973 474 emiserunt,
992 421 1031 462 ne

59 507 166 550 annua
187 491 248 550 sibi
270 493 376 554 debita
394 493 543 570 pensione
557 496 716 566 carerent,
731 497 947 572 poteruntne,
964 496 1032 555 abs·
1118 564 1120 568 .
1226 497 1228 500 ’
1295 515 1296 544 l

59 602 120 660 qne
142 583 271 661 publica
291 587 520 648 retractatione
535 588 635 660 illius,
651 589 766 648 dictam
781 589 961 666 pensionem
976 607 1031 648 re-

60 677 170 754 cipere
192 682 225 738 et
246 679 516 757 requirere‚'quia
538 699 596 740 uon
619 681 871 757 persolveretur,
894 681 920 739 si
941 681 1040 740 inno-'

60 772 202 832 tesceret
212 773 416 833 retractatio?
425 776 459 834 In
471 775 530 832 hoc
541 791 613 834 casu
626 779 700 834 sunt
711 777 777 834 tum
793 773 888 834 multi
900 773 1031 856 Equites

60 864 192 925 Ordinis
207 867 360 928 militaris
373 867 472 928 sancti
485 867 650 942 Ludovici,
663 868 716 945 qui
732 871 770 928 ad
786 869 1031 928 conservandam
1108 893 1109 896 ¹

61 964 256 1020 castrensem
278 961 461 1038 pensionem
483 961 668 1038 iampridem
691 962 862 1036 obtentam,
886 965 953 1021 turn
968 981 1033 1021 mo-

62 1053 166 1113 niales
179 1073 271 1131 quae,
288 1073 326 1114 ue
341 1055 548 1119 constitutum
571 1071 653 1114 nunc
668 1055 744 1132 ipsis
765 1055 942 1114 vitalitium
963 1074 1033 1116 cen-

61 1165 131 1206 sum
155 1148 358 1222 amitterent,
382 1149 499 1208 dictum
521 1149 732 1208 iuramentum
755 1148 938 1208 emiserunt.

123 1240 166 1300 R.
190 1242 237 1300 Ad
260 1242 407 1314 tertium,
429 1242 664 1301 rescribendum
681 1242 844 1302 mandavit
865 1243 943 1303 satis
957 1259 1032 1319 pro-

62 1333 169 1392 visum
191 1333 223 1392 in
245 1334 447 1411 responsione
469 1338 506 1395 ad
530 1339 708 1400 secuudum.

115 1427 167 1485 lix
178 1424 306 1486 aedibus
312 1427 538 1501 Quirinalibus,
546 1429 597 1488 die
608 1430 713 1489 XXVI
726 1427 799 1488 Iulii
812 1429 1029 1490 MDOOXOIV.

418 1509 419 1512 ’
508 1521 547 1580 F.
566 1521 607 1580 X.
625 1518 723 1582 Gurd.
740 1522 787 1582 De
807 1523 946 1584 Zeluda.

451 1691 641 1750 xxvm.

379 1811 574 1855 vuuussrum
594 1812 714 1857 rsnrsr

368 1953 528 2032 Episcopo
549 1954 721 2015 Leodieusi

279 2114 312 2190 P
333 2113 349 2189 l
368 2115 406 2194 U
426 2114 452 2192 S
506 2115 540 2190 P
558 2116 593 2191 A
611 2116 645 2192 Ρ
663 2117 698 2191 Α
751 2114 818 2192 Vl.

189 2301 276 2358 ven.
297 2301 431 2373 Frater,
445 2301 599 2361 Salutem
620 2305 656 2360 et
676 2303 914 2371 Apostolioam

403 2396 700 2475 Benedictionem.

127 2539 270 2606 Quantus
296 2539 386 2602 dolor
413 2544 478 2605 Nos
499 2543 656 2604 invaserit
677 2543 814 2622 primum
836 2559 875 2602 ex
901 2540 1037 2619 publicis

64 2631 203 2704 nunciis,
218 2636 285 2693 tum
308 2653 347 2694 ex
361 2635 497 2696 Litteris
512 2637 599 2711 Tuis,
612 2639 692 2698 Ven.
706 2637 835 2710 Frater,
852 2635 1032 2710 diequarte
1064 2695 1065 2702 ,

63 2726 208 2802 Augusti
229 2727 324 2801 datis,
347 2728 413 2807 ipse
435 2729 537 2806 magis
559 2730 710 2807 colligere
732 2733 834 2806 potes,
863 2745 955 2803 quam
971 2729 1060 2788 Nos·

65 2818 241 2896 explicare,
264 2837 333 2878 cum
356 2826 420 2881 tam
443 2825 573 2898 repente
595 2839 775 2882 conversam
792 2820 866 2880 istic
881 2819 955 2878 belli
970 2818 1036 2878 for·

65 2916 178 2971 tunam
199 2911 465 2991 intelligeremus,
487 2931 523 2973 ec
545 2918 617 2992 post
638 2916 688 2975 tot
707 2913 851 2990 Belgicus
863 2910 1035 2971 catholicas

65 3006 161 3065 urbes
183 3011 291 3083 captas
312 3008 513 3084 direptasque
533 3009 573 3068 ab
593 3007 820 3068 immanissimo
843 3003 1034 3082 Religionis,

65 3100 187 3176 Deique
209 3101 330 3176 ipsius,
361 3119 416 3160 nec
438 3120 498 3161 non
521 3105 554 3160 et
575 3103 731 3162 communi
754 3100 882 3162 humaui
904 3098 1036 3159 Generis

66 3196 177 3267 hoste,
201 3195 264 3254 iam
292 3213 359 3254 esse
380 3195 412 3254 in
434 3195 585 3255 maiorem
607 3197 704 3256 etiam
725 3199 811 3256 Tuae
835 3194 971 3256 Ditionis
1000 3211 1036 3252 ac

66 3287 225 3348 Dioecesis
242 3292 377 3364 >partem
398 3289 466 3348 eius
487 3306 646 3348 armorum
668 3289 733 3348 vim
755 3289 902 3361 illatam3
932 3289 1037 3362 Teque

68 3386 241 3459 propterea
261 3386 403 3442 coactum
426 3399 496 3442 cum
518 3383 667 3442 universo
687 3383 779 3444 Glero
802 3387 855 3443 tuo
878 3386 944 3441 tam
964 3380 1039 3440 Sae-

68 3475 179 3536 culari'
193 3493 286 3552 quam
307 3475 473 3554 Regulari,
496 3494 535 3535 ex
556 3475 661 3552 impiis
682 3476 824 3536 manibus
838 3475 913 3552 fuga
926 3489 1038 3533 rursus

69 3567 229 3640 subtrahi,
252 3585 288 3627 ac
302 3567 334 3626 iu
350 3572 455 3628 tutum
471 3569 616 3628 evadere.
632 3570 710 3629 (lum
724 3567 863 3629 maxime
876 3568 948 3626 inde
962 3582 1036 3644 pars

169 3689 230 3740 Vol.
248 3692 292 3741 II.
485 3683 487 3690 ¹
930 3695 944 3740 ‘l
