2632 4262
472 317 511 336 ..
532 285 593 348 283
616 319 653 336 ..

68 391 140 454 iam
161 411 222 453 non
244 393 426 472 intelligat,
449 412 541 472 quam
562 395 678 466 laetus,
701 411 793 471 quam
814 393 924 469 mitis,
950 412 1041 473 quam
1158 389 1160 394 ’

70 487 247 560 studiosus,
262 505 353 565 quam
376 487 408 547 in
424 505 545 548 omnem
567 488 755 548 charitatem
770 487 884 548 effusus
898 505 1042 550 occurre·

70 597 110 641 re
127 581 280 642 Pontifici
301 599 358 642 suo
377 583 433 643 Dei
460 582 563 643 Filius
584 584 738 656 etDeus,
758 586 792 643 et
820 581 968 642 Pontifex
990 583 1041 641 de

71 674 196 736 bueritl
210 677 312 754 Atque
334 676 366 736 in
387 675 488 754 primo
508 676 574 753 ipso
595 693 724 736 occursu
750 675 802 736 vel
825 675 964 736 homines
978 673 1040 752 ipsi

71 785 171 844 quum
186 772 310 848 optatos
325 769 377 830 diu
393 774 426 830 et
440 767 643 830 amicissimos
664 769 818 843 videmus3
834 768 904 846 quis
925 767 1041 845 estqui

72 862 209 936 nesciet,
219 863 298 923 nihil
311 881 377 923 esse
391 863 551 941 antiquius
563 880 654 940 qoam
670 861 766 922 elteri
780 863 916 924 alterum
928 861 958 920 id
971 873 1041 939 pen·

70 956 207 1016 mittere
219 957 353 1018 maxime
365 958 444 1034 quod
457 958 488 1016 in
500 957 622 1034 reliqua
636 959 706 1016 tota
717 956 786 1018 vita
798 955 992 1016 carissimum
1007 957 1040 1014 et

72 1050 334 1110 iucundissimum
355 1051 465 1112 fueriti
485 1052 692 1119 Quamobrem
712 1067 805 1127 quum
827 1049 903 1108 Pius
924 1050 1039 1108 Sextus

72 1147 261 1204 electense
288 1143 427 1204 virtutes
455 1145 651 1204 sanctissime
680 1142 839 1214 coluerit,
861 1143 894 1201 et
914 1140 1040 1200 munili-

72 1235 210 1296 centiam
232 1235 392 1312 inprimis
412 1255 517 1297 caram
542 1237 668 1314 fereque
690 1235 851 1314 propriam
873 1233 1038 1305 habuerit3

72 1345 116 1388 an
137 1327 341 1390 dubitandum
363 1334 424 1404 est,
443 1330 517 1406 quin
538 1332 619 1390 Deus
641 1331 698 1389 hoc
720 1329 770 1388 illi
788 1327 898 1388 statim
922 1327 1040 1386 tribue·

72 1422 133 1492 rit,
151 1425 186 1481 ut
206 1437 297 1498 quam
318 1439 441 1499 opema
462 1422 606 1499 precibus
627 1425 794 1499 expectare
816 1421 884 1497 Ipse
912 1437 972 1479 non
988 1421 1040 1478 de-

71 1514 214 1587 buisset,
238 1529 305 1574 eam
328 1532 384 1575 sua
404 1514 472 1592 ipsa
492 1533 584 1574 manu
606 1515 638 1574 in
660 1515 734 1574 illos
755 1512 916 1572 conferret
935 1529 971 1571 ac
992 1511 1039 1570 ei-

72 1607 234 1680 iunderet,
250 1623 325 1684 quos
347 1606 379 1666 iu
402 1608 586 1685 purgatorio
607 1608 675 1684 igni
696 1605 874 1666 carissimos
893 1605 1037 1676 haberet,

73 1704 113 1760 ut
133 1717 304 1782 eos-secum
325 1699 357 1758 in
379 1691 500 1760 caelum
515 1699 678 1760 eveheretl
692 1698 771 1764 Quid
793 1715 860 1756 esse
877 1700 933 1756 aut
948 1699 1037 1756 tanto

72 1796 151 1866 Deo,
165 1797 222 1852 aut
245 1795 333 1852 tanto
353 1793 506 1853 Pontiflce
528 1793 653 1874 dignius
674 1791 794 1869 potuiti
808 1793 916 1867 Itaque
937 1789 1039 1850 laeta·

72 1903 147 1946 mur
172 1889 206 1946 et
226 1885 425 1962 gratulamur
445 1884 547 1958 vobis,
562 1883 812 1946 Eminentissimi
831 1885 956 1956 Patres,
971 1881 1036 1959 qui,

71 1979 232 2040 celebrato
246 1979 367 2052 funere,
383 1965 501 2039 vestris
521 1978 597 2056 ipsis
611 1979 753 2055 precibus
772 1977 852 2036 nihil
866 1979 940 2050 Deo,
958 1973 1038 2034 nihil

72 2073 208 2136 Parenti
230 2073 348 2150 optimo
368 2072 533 2150 iucundius
553 2073 658 2132 facere
679 2071 839 2148 potuistis.

134 2165 215 2234 Quid
237 2171 286 2227 est
313 2177 388 2244 ergo
419 2168 476 2228 hac
498 2169 565 2227 tote
593 2163 885 2226 commemoratione
910 2161 1058 2223 itineris,
1126 2171 1129 2179 '

71 2263 278 2337 acerbissimi,
294 2266 373 2340 quod
394 2264 546 2326 eiusmodi
568 2264 623 2337 sit,
639 2267 676 2323 ut
696 2264 786 2324 abeo
808 2279 866 2320 uon
883 2263 985 2333 exiet,
1001 2275 1036 2319 eo

71 2355 170 2416 etiam
192 2355 370 2417 nolentibus
384 2361 418 2418 et
439 2357 686 2436 repugnantibus
706 2371 846 2416 essenon
868 2357 980 2432 sponte
994 2351 1037 2412 oi·

70 2448 157 2508 ieret
188 2449 376 2510 nobilissimi
407 2449 558 2528 martyrii
589 2451 639 2528 ris
667 2452 761 2524 atque
782 2451 918 2517 natura,
944 2462 1035 2522 quam

70 2545 319 2621 quaerebamusi
337 2545 385 2604 An
407 2546 444 2611 de
466 2543 668 2604 interimendi
687 2541 848 2602 Pontificis
870 2541 1036 2600 voluntate

71 2636 213 2696 dubitari
234 2635 366 2714 poterit,
382 2653 460 2713 quae
482 2655 541 2696 non
563 2637 653 2696 modo
676 2653 717 2696 re
731 2635 902 2711 factisque,
925 2649 1036 2692 verum

71 2728 142 2806 ipso
170 2729 266 2811 etiam
288 2745 434 2806 expresso
461 2731 548 2790 vocis
573 2735 607 2791 et
633 2731 760 2790 minime
788 2729 882 2788 dubio
903 2726 1035 2796 sonoab

72 2823 216 2882 hostibus
237 2822 395 2900 explicata
415 2824 478 2884 esti
491 2827 540 2884 An
562 2825 599 2883 de
621 2826 851 2884 tormentorum
866 2821 904 2878 ad
925 2817 1036 2877 interi-

70 2917 217 2975 mendum
241 2915 273 2975 vi
294 2920 388 2992 atque
408 2911 593 2987 acerbitate,
610 2933 691 2992 quae
709 2914 858 2972 nimirum
877 2916 968 2971 tanta
987 2913 1036 2970 est

72 3013 191 3087 quanta
211 3009 394 3087 longissimo
415 3009 550 3082 itinere,
573 3011 719 3086 superato
737 3007 917 3084 Apennino,
940 3004 1037 3064 traie-
1092 3057 1100 3080 ,

72 3102 134 3162 ctis
155 3102 298 3180 Alpibus,
314 3103 438 3163 biennio
452 3103 517 3162 iere
537 3102 675 3180 integro,
691 3101 723 3160 in
745 3102 857 3160 Senem
871 3103 1038 3176 octogena·

71 3195 122 3256 rio
142 3195 306 3269 maiorem,
322 3195 621 3278 RomaValentiem
643 3213 738 3272 usque
759 3193 899 3254 conferri
920 3193 959 3252 ab
980 3193 1039 3250 ho-

71 3288 174 3350 stibus
194 3288 429 3350 immanissimis
444 3288 566 3365 'potuitl
578 3288 627 3346 An
649 3289 686 3346 de
705 3285 868 3346 Pontificio
888 3284 1038 3346 alacrita-

73 3386 119 3455 te,
134 3383 299 3455 firmitate,
315 3382 506 3455 constantia,
519 3381 608 3442 cuius
630 3399 685 3442 nec
707 3381 861 3458 gemitus,
886 3397 941 3439 uec
963 3396 1036 3456 que·

73 3475 141 3536 uela
164 3476 229 3536 ullo
250 3491 394 3553 umquam
409 3481 549 3552 tempore
570 3474 679 3536 audita
700 3477 759 3548 est,
780 3478 813 3534 et
834 3473 886 3550 qui
908 3489 1035 3549 prorsus

73 3571 111 3629 ut
130 3585 231 3646 agnus
251 3569 288 3628 ad
310 3571 444 3629 mortem
465 3567 651 3629 ducebaturt
664 3567 748 3635 Quae
768 3567 890 3644 quando
909 3569 942 3626 et
963 3583 1035 3643 per·
