2632 4262
643 235 822 296 ...294-

348 339 461 400 nansi.
483 341 607 402 Laudat
626 341 823 402 Paetoralem
851 341 919 400 eius
947 339 1139 402 instructio-

222 475 226 482 ·
350 450 432 493 nem.
455 435 586 496 Causam
608 435 702 495 affert
722 454 779 496 our
808 435 930 496 tamdiu
957 434 1138 512 responsio·

349 544 421 586 nem
443 527 615 588 distulerit.
639 529 778 606 Regulus
798 529 837 588 ab
852 547 890 588 eo
904 527 1080 606 propositas
1102 527 1136 586 in

347 620 560 680 Instructione
574 621 740 698 approbat,
764 639 826 682 una
847 622 972 680 tautum
990 622 1135 696 excepta,

349 730 429 790 quae
450 714 577 774 Hostias
599 713 729 792 respicit
749 733 768 775 a
793 714 1001 774 schismaticis
1029 731 1136 774 sacer-

347 805 472 866 dotibus
493 814 704 882 consecratas,
719 811 900 886 certamque
914 809 952 867 de
967 809 1025 867 hoc
1043 824 1136 884 regu·

348 899 412 958 lam
444 901 570 962 statuit.
601 902 788 962 Generalem
822 901 1067 963 Instructionem
1095 899 1134 960 ab

349 993 493 1054 omnibus
514 995 687 1055 Gallicanis
711 994 920 1056 Antistitibus
948 995 1134 1054 servandam

347 1087 519 1164 pollicetur
525 1131 1014 1149 ..........
1047 1103 1127 1162 pay.
1169 1087 1210 1147 99

247 1179 369 1259 17918
389 1181 580 1243 Novembris
598 1213 613 1228 ·
630 1182 707 1242 Etsi
723 1186 877 1259 plurimo.
901 1183 1025 1243 Ioanni
1045 1185 1134 1240 Hen-

347 1278 421 1337 rico
440 1281 541 1339 card.
555 1280 850 1350 aFranckanberg
860 1279 1133 1348 Archiepisoopo

345 1371 747 1432 Mechliniensi.Dolorem
761 1389 849 1430 suum
858 1374 896 1432 de
907 1370 1053 1430 tristibus
1061 1367 1135 1426 Gal·

345 1461 409 1524 liae
420 1465 649 1526 conditionibus
667 1465 835 1543 significat.
859 1469 937 1526 Eum
954 1465 991 1524 ad
1007 1462 1133 1524 divinae

346 1558 562 1619 miserationis
584 1577 668 1636 spem
683 1561 845 1620 hortatur.
861 1561 1016 1619 Laetatur
1030 1559 1067 1616 de
1087 1555 1136 1614 in-

347 1655 506 1712 cremento
519 1655 734 1730 facilitatem,
751 1653 863 1730 quibus
884 1652 1039 1713 catholica
1056 1649 1132 1708 tides

344 1746 463 1822 gaudet
471 1747 552 1821 apud
562 1748 710 1807 Batavos.
724 1749 768 1806 De
780 1747 837 1805 hoe
849 1746 970 1824 gratias
978 1748 1040 1805 Deo
1051 1742 1131 1819 agit,

346 1841 381 1897 et
400 1837 613 1914 Apostolioum
634 1841 789 1902 Nuntium
811 1841 921 1900 laudat
954 1882 963 1898 .
1009 1881 1017 1896 .
1061 1877 1071 1896 .
1113 1833 1214 1895 »102

346 1931 384 1990 15
405 1933 594 1992 Decembris.
618 1936 784 1995 Decretum
798 1936 904 1998 ,Card
935 1935 972 1992 de
998 1931 1131 2002 zelada,

345 2043 406 2102 qno
425 2032 655 2098 prorogantur
675 2033 719 2090 ad
740 2030 847 2088 alium
869 2043 996 2089 annum
1023 2025 1131 2086 iacul-

344 2123 435 2179 tates
457 2136 641 2180 concessae
662 2120 933 2197 Archiepiscopis,
953 2117 1129 2197 Episcopis,

347 2229 384 2272 ac
405 2212 597 2273 Dioecesium
618 2213 937 2274 Administratoribus
950 2213 1042 2290 regni
1056 2210 1133 2270 Gal-

343 2305 471 2379 liarum,
485 2323 540 2365 nec
556 2325 614 2364 non
628 2307 815 2379 Avenionis‚
831 2309 865 2366 et
878 2306 1054 2368 Comitatus
1070 2305 1130 2362 Ve-

344 2397 471 2470 naisini‚
485 2397 671 2470 sabaudiae,
685 2399 880 2476 aliorumque
892 2397 1042 2470 locorum,
1051 2411 1131 2472 qnae

343 2491 554 2574 persecutioni
576 2496 650 2551 sunt
671 2492 804 2554 obnoxia
846 2533 1067 2553 .....
1111 2487 1212 2548 »104
1288 2545 1291 2552 .

245 2584 326 2648 1795
346 2585 385 2648 21
401 2583 636 2644 Ianuarii-Eoo
651 2588 717 2644 tuis
727 2587 937 2662 peracceptis.
950 2585 1131 2646 Dominioo

344 2682 378 2738 S.
399 2682 441 2738 R.
467 2681 506 2738 E.
538 2682 744 2753 Presbytero
774 2681 950 2740 cardinali
977 2678 1131 2749 Ruperu-

343 2775 457 2835 coldio
477 2774 749 2844 Archiepiscopo
770 2773 1049 2843 rothomagensi.
1064 2771 1129 2829 Va-

344 2867 410 2928 rios
424 2865 520 2927 animi
535 2867 584 2926 sui
597 2883 706 2926 sensus
721 2867 760 2926 ob
775 2866 841 2926 eius
856 2866 984 2926 litteras
1003 2864 1125 2943 pandit.

342 2963 458 3022 Veram
466 2960 624 3022 Ecclesiae
636 2963 843 3037 pacemaDeo
854 2959 981 3037 flagitat
1004 3003 1011 3018 .
1056 3001 1064 3016 .
1108 2973 1127 3016 r
1150 2955 1209 3018 105

282 3071 301 3115 a
341 3055 514 3132 22Aprilis
528 3087 542 3100 ·
555 3059 710 3117 Rrsrosra
720 3055 785 3116 alla
796 3055 949 3115 Memoria
959 3057 1128 3115 trssmessa

339 3165 397 3205 con
419 3148 451 3206 la
471 3147 503 3206 di
516 3148 574 3208 Lei
589 3149 708 3208 lettera
720 3149 805 3225 degli
819 3149 839 3207 8
852 3151 958 3208 Marso
973 3147 1063 3208 1795.
1106 3165 1125 3207 s
1147 3146 1206 3208 106

379 3237 505 3300 Latina
524 3243 639 3301 nereio.
654 3243 847 3302 Rrerorssun
859 3239 1029 3300 Memoriae
1045 3259 1063 3300 a
1078 3243 1123 3300 Te

341 3330 545 3390 transmissae
566 3332 702 3407 epistola
723 3335 798 3394 data
819 3333 868 3392 dio
883 3334 903 3392 8
917 3332 1030 3402 Martii
1046 3334 1127 3394 1795

341 3424 378 3484 de
406 3423 584 3484 iuramento
611 3424 773 3486 libertatis
799 3429 832 3486 et
852 3423 1126 3504 aequalitatis-de

341 3515 1126 3586 Ecclesiasticisreisschismatis-dePoenitentiae
