2624 4260
274 353 460 415 agnoscam,
483 338 581 398 bonae
602 338 761 398 voluntati
784 355 870 396 meae
898 334 1000 394 media
1019 349 1108 408 saepe
1131 329 1234 387 minus

274 435 527 508 correspondere‚
543 451 634 510 quam
656 434 695 493 ab
717 434 785 510 ipsa
805 431 957 509 exigitur,
980 443 1164 506 persuasum
1179 427 1234 484 ha-

274 524 346 584 beas
368 525 477 599 velim,
500 529 616 588 Rever.
632 532 727 605 atque
748 527 868 587 Excell.
882 524 1024 595 Domine,
1039 521 1107 580 fore
1130 524 1166 580 ut
1186 537 1232 590 ea,

274 635 352 694 quae
374 637 392 678 a
413 620 457 677 'le
480 621 517 678 de
539 620 607 698 ipso
627 619 712 680 lontc
735 622 847 680 hausta
868 635 986 678 mecum
1008 613 1233 674 communicata

274 709 416 783 fuerint,
439 715 572 789 tuaeque
600 714 763 774 doctrinae
791 714 895 773 lumen
916 715 1010 788 atque
1041 706 1232 770 adiutorium

274 805 410 864 maximo
430 823 553 883 semper
574 807 605 865 in
628 809 730 884 pretio
751 827 770 868 a
791 827 839 866 me
860 806 1044 865 habeantur.

335 900 451 957 Precor
472 900 701 960 Excellentiam
717 903 828 974 Tuam,
846 905 881 960 ut
898 903 1040 976 acceptas
1062 897 1177 956 habere
1191 894 1234 953 di-

275 994 390 1068 gnetur
404 992 543 1052 sinceras
558 993 733 1070 gratiarum
747 993 886 1054 actiones
907 1009 989 1051 meas
1004 1009 1060 1068 pro
1082 1007 1132 1060 eo,
1145 1005 1232 1064 quem

274 1102 307 1143 se
327 1084 463 1162 optimae
491 1104 568 1164 erga
589 1105 637 1146 me
658 1087 873 1164 dispositionis
897 1086 1035 1145 favorem
1055 1099 1167 1160 gerere
1188 1083 1233 1139 te·

274 1179 397 1250 statur,
421 1178 576 1255 simulque
597 1178 791 1240 certissimos
811 1178 967 1255 perfectae
988 1173 1232 1235 existimationis

274 1288 393 1344 sensus,
416 1272 598 1347 quibuscum
619 1272 811 1344 subscribor,

333 1365 623 1425 Excellentissimos
653 1383 689 1424 ac
718 1365 1008 1426 Reverendissimae
1041 1364 1233 1424 Dominatio-

275 1458 323 1516 nis
344 1459 440 1529 Tuae,

334 1557 454 1615 Essert.
471 1557 578 1651 XXXl
599 1556 676 1616 Maii
700 1555 919 1617 mnocxolx.

520 1647 724 1707 Humillimus
746 1666 781 1707 ac
801 1647 1096 1724 obsequentissimus
1118 1648 1233 1706 Servus

680 1778 874 1838 Franciscus
895 1780 1071 1850 Antonius,

621 1875 789 1952 Episcopus
811 1894 846 1936 ac
869 1876 1018 1952 Princeps
1038 1875 1233 1936 Leodiensis.

698 2109 810 2164 LXV.

605 2204 901 2296 un10ruu

485 2446 712 2506 alunnum
734 2447 783 2505 nn
806 2445 1012 2506 nouimus
1127 2401 1130 2407 ’

313 2646 374 2708 Dei
394 2655 425 2708 et
437 2646 579 2710 Sanctae
593 2648 683 2708 Sedis
703 2651 907 2725 Apostolicae
927 2651 1051 2726 pratia,
1068 2648 1194 2708 Hortae

445 2751 476 2803 et
498 2742 651 2804 Civitatis
673 2742 876 2806 Castellanac
889 2745 1050 2822 Episcopi.

332 2949 422 3010 Licet
438 2950 621 3026 praeteritis
635 2949 827 3010 calamitosis
842 2949 976 3008 extincti
999 2947 1164 3025 regiminis
1184 2964 1232 3005 re·

272 3042 427 3118 publicani
441 3044 645 3120 temporibus,
656 3043 747 3103 iuxta
758 3042 927 3102 celebrium
939 3043 1133 3118 quorundam
1149 3041 1233 3100 theo-

273 3133 413 3210 logorum
437 3135 632 3210 opinionem,
655 3135 810 3194 creditum
832 3134 931 3194 fuerit
952 3153 1018 3194 esse
1041 3133 1166 3193 licitum
1187 3134 1233 3191 in·
1289 3185 1290 3188 ,

272 3229 448 3284 ramentum
484 3227 581 3304 ipsius
615 3228 844 3288 Constitutione
870 3228 1132 3305 praescriptum,
1167 3244 1232 3287 eum

273 3323 382 3395 postea
400 3337 487 3378 suam
510 3323 645 3379 mentem
667 3321 703 3379 de
719 3320 774 3380 illo
788 3320 949 3397 aperuerit
963 3321 1063 3396 Gaput
1076 3320 1234 3380 Ecclesiae

273 3412 410 3485 visibile,
433 3415 578 3472 Summus
599 3414 747 3474 Pontifex
768 3417 897 3488 Noster,
918 3419 1043 3474 sanctae
1065 3413 1233 3473 memoriae
1288 3457 1289 3482 ,

272 3507 347 3566 Pius
367 3508 454 3584 Papa
468 3507 523 3582 Vl,
539 3507 571 3566 in
586 3507 740 3567 Brevibus
762 3508 950 3568 Florentiae
964 3525 1067 3566 mense
1089 3507 1234 3569 Ianuario
