2606 4268
280 385 327 446 tui
348 381 502 442 moeroris
523 377 556 440 in
577 382 650 442 Nos'
663 382 867 454 redundaret,
884 399 919 440 ac
934 381 967 439 iu
982 383 1084 440 Tuum
1101 400 1160 440 non
1178 398 1247 440 ma-

280 479 340 556 gis,
363 495 454 554 quam
477 475 509 534 in
531 477 682 536 Nostrum
710 479 807 551 caput
827 477 877 534 tot
897 475 1130 536 catholicorum
1160 475 1250 544 cala·

278 573 407 632 mitates
435 568 694 641 cumularentur,
715 568 790 645 quid
820 567 907 628 aliud
936 568 1040 628 faeere
1061 569 1246 646 potuimus,

279 685 371 744 quam
394 665 480 723 inter
494 662 642 723 lacrimas
656 679 691 722 ac
706 662 845 738 suspiria
866 681 975 722 manus
991 668 1194 740 mentemque
1208 662 1247 722 ad

280 760 400 820 caelum
428 757 577 817 attollere
598 759 632 816 et
653 755 886 832 omnipotentis
902 756 957 816 Dei
973 756 1091 816 iudicia
1111 773 1248 816 venera·

280 853 377 914 bundi
405 851 559 910 adoraret
590 848 740 926 Deinceps
768 849 965 926 aliquantum
987 850 1120 910 collecto
1141 849 1247 916 animo

278 949 318 1008 ad
339 946 415 1006 Eius
436 943 593 1002 infinitam
615 941 810 1019 respeximus
832 942 1090 1016 misericordiam,
1113 943 1169 1020 qui
1191 932 1247 1020 per

281 1044 331 1101 tot
350 1041 519 1098 renovatas
541 1054 706 1096 aerumnas
727 1035 819 1098 fidem
841 1055 968 1097 suorum
991 1037 1117 1114 probari
1144 1055 1247 1113 spem·

280 1133 392 1213 quein
415 1150 448 1192 se
469 1147 591 1189 omnem
612 1129 725 1206 proiici
746 1131 845 1203 velit3
867 1131 992 1189 demum
1011 1147 1098 1189 suam
1120 1130 1175 1189 llli
1190 1132 1246 1190 llo·

278 1227 418 1298 alesiam,
427 1227 594 1300 coetusque
606 1223 777 1282 catholicos
792 1241 909 1295 omnes,
923 1225 1028 1300 Teque
1041 1224 1142 1300 ipsum
1155 1241 1245 1300 prae-

279 1323 368 1400 cipue
396 1323 546 1394 tuumque
580 1317 733 1392 Populum
770 1320 887 1392 quanta
918 1317 1055 1378 maxima
1087 1317 1244 1393 potuimus

280 1415 413 1494 spiritus
433 1411 645 1482 contentione,
668 1429 707 1469 ne
728 1429 747 1469 a
768 1409 896 1469 nefariis
918 1411 1078 1478 hominum
1100 1410 1245 1486 perdito·

281 1528 351 1570 rum
365 1506 461 1584 ¹copiis
476 1503 598 1583 proteri
613 1505 708 1577 sinat,
724 1507 758 1563 ct
771 1504 1054 1564 commendavimus
1072 1507 1106 1562 et
1121 1503 1244 1580 precari

281 1604 448 1678 numquam
472 1597 729 1656 intermittimus.

341 1697 389 1754 Ad
402 1695 446 1751 Te
458 1709 546 1762 vero,
561 1692 638 1749 Ven.
652 1691 781 1762 Frater,
794 1691 1001 1768 singulariter
1014 1691 1243 1760 convertimur,

282 1789 414 1864 Tibique
436 1785 622 1862 iampridem
644 1788 840 1861 perspectam
860 1783 957 1848 Nobis
978 1784 1074 1843 animi
1097 1785 1160 1843 Tui
1182 1785 1245 1844 for·

282 1882 451 1942 titudinem
466 1897 758 1951 commemoramus,
774 1898 852 1955 quae
867 1878 1002 1938 maxime
1017 1879 1049 1936 in
1069 1879 1244 1939 christiana

282 1975 456 2054 patientia,
485 1974 572 2034 etin
595 1973 722 2032 divinae
745 1972 963 2049 providentiae
985 1973 1150 2050 obsequio,
1175 1975 1244 2032 red·

283 2070 449 2145 dendisque
470 2068 522 2126 vel
544 2068 582 2126 ob
603 2067 685 2144 ipsas
698 2067 919 2126 tribulationes
934 2069 997 2126 Deo
1013 2066 1127 2144 gratiis
1141 2069 1244 2127 eluce-
1290 2135 1291 2138 Ἴ

283 2163 352 2222 soit.
364 2163 424 2221 Sed
436 2162 542 2220 deesse
550 2160 621 2218 Tibi
634 2160 711 2235 ipse,
722 2161 799 2218 Veu.
811 2161 939 2232 Frater,
949 2178 1007 2218 nou
1020 2166 1168 2236 potes,ex
1179 2162 1243 2238 ipsa

282 2254 458 2334 Religionis
479 2255 608 2311 nostrae
629 2253 772 2312 doctrina
793 2257 953 2332 promptas
973 2254 1045 2312 Tibi
1067 2273 1103 2314 ac
1117 2259 1243 2330 paratas

184 2374 190 2390 r
285 2365 456 2425 suggerens
484 2346 643 2420 rationes,
665 2365 744 2424 quae
766 2352 798 2408 et
821 2366 916 2408 verae
938 2348 1009 2406 Tibi
1036 2349 1242 2410 consolationi

284 2459 350 2500 esse
382 2440 517 2517 possint,
546 2439 705 2516 magisque
727 2439 855 2500 idoneae
877 2442 934 2500 hoo
954 2445 1093 2518 tempore
1120 2443 1187 2502 sint
1207 2444 1242 2502 ad

285 2534 451 2594 caelestem
474 2550 581 2610 opem,
604 2551 664 2610 qua
685 2533 775 2594 unice
798 2535 857 2594 niti
879 2536 1043 2607 debemus,
1061 2537 1243 2613 ¹impetran-
1289 2571 1290 2576 κ

284 2629 365 2688 dam.
396 2627 523 2689 Utinam
546 2628 671 2687 tandem
693 2629 969 2706 exoptatissimum
989 2629 1069 2689 illud
1096 2631 1244 2690 adveniat

281 2725 417 2798 tempus,
440 2739 499 2797 quo
520 2722 636 2782 Noster
657 2725 807 2798 paternus
827 2723 963 2795 animus,
980 2729 1016 2783 ut
1031 2743 1113 2784 nune
1127 2725 1242 2786 vestris

283 2814 442 2891 aegrescit
461 2814 632 2887 aerumnis,
655 2813 702 2874 ita
722 2833 872 2875 conversa
893 2815 1099 2892 stabilitaque
1122 2807 1242 2878 vestra·

282 2924 353 2965 rum
374 2923 481 2966 rerum
502 2907 624 2967 ratione
645 2911 753 2967 vestro
775 2909 887 2985 gaudio
908 2910 1061 2969 laetetur.
1084 2912 1130 2970 Ao
1156 2913 1240 2971 utin

283 3017 338 3057 nos
367 3001 569 3075 propensiora
589 3001 716 3062 divinae
738 3001 866 3078 pietatis
886 3002 1011 3062 viscera
1036 3021 1092 3080 per
1113 3007 1242 3082 Aposto-

280 3091 375 3151 lioam
387 3092 640 3152 Benedictienem
652 3095 832 3167 reddamus,
845 3098 974 3155 eandem
983 3113 1106 3156 summo
1120 3099 1240 3174 paterni

281 3183 386 3243 cordis
407 3185 523 3257 studio,
539 3189 688 3262 quantum
704 3185 774 3247 fieri
789 3189 916 3250 aNobis
932 3193 1048 3267 potest,
1070 3191 1240 3254 confertam
1287 3199 1288 3246 l

282 3277 533 3354 cumulatamque
561 3279 653 3352 Tibi,
677 3282 755 3342 Ven.
779 3283 914 3357 Frater,
944 3283 1081 3361 Tuisque
1102 3287 1240 3346 omnibus

281 3373 483 3444 peramanter
504 3371 719 3448 impertimur.

341 3464 454 3522 Datum
477 3466 593 3526 Romae
615 3466 664 3525 dic
679 3468 800 3529 XXVII
813 3469 1009 3546 Septembris
1023 3471 1238 3546 Muooxerv,

281 3555 488 3618 Pontificatus
508 3559 618 3620 Nostri
639 3578 722 3620 anno
743 3561 814 3621 XX.
837 3600 839 3606 .
860 3599 861 3606 κ
