2632 4262
289 373 425 447 bnimus,
447 374 612 433 immanem
634 391 653 432 a
674 389 827 432 novarum
848 371 952 450 legum
974 373 1156 434 auctoribus
1177 373 1249 432 Phi-

289 466 428 543 losophis
448 469 599 527 adversus
613 468 715 526 lesum
729 465 891 526 Christum
912 465 1162 527 coniurationem
1184 485 1247 526 esse

289 561 477 622 conflatam?
498 563 562 627 oui
582 577 649 619 uon
671 568 733 631 est,
758 558 874 636 inquit,
901 577 1044 632 meeum,
1063 569 1181 621 contra
1201 577 1247 620 me

290 661 346 728 est,
372 663 403 714 et
425 655 485 732 qui
505 672 573 713 uon
594 656 721 732 colligit
743 670 867 714 meeum
878 697 888 726 ,
916 655 1075 733 dispergit
1092 652 1152 732 (l).
1176 654 1248 721 Quis

289 765 371 808 nuno
392 747 469 806 mihi
490 746 587 820 dieat,
610 750 643 807 et
662 746 819 825 probabili
834 750 965 823 quadam
980 747 1104 808 ratione
1119 763 1247 824 persua·

289 858 397 900 surum
419 857 487 900 esse
509 845 638 917 speret,
659 840 864 917 Philosophos
884 844 940 901 aut
961 842 1147 918 depellenda
1161 841 1248 904 chri-

289 936 393 994 stiana
413 935 578 1013 Religioue
599 956 618 999 a
638 936 812 1014 Republica
832 940 865 995 et
884 935 1020 1012 Legibus
1037 954 1108 995 oum
1122 935 1247 996 Christo

288 1029 411 1101 fnisse,
434 1033 492 1090 aut
519 1029 682 1090 eiiciendis
706 1031 842 1107 undique
862 1029 1136 1107 dispergendisque
1157 1030 1247 1092 Ohri·

269 1171 272 1184 .
288 1121 400 1183 stianis
421 1140 491 1183 oum
511 1123 638 1185 Christo
654 1123 841 1202 collegisse?
854 1123 938 1190 Quae
960 1123 987 1182 si
1008 1125 1084 1184 adeo
1097 1129 1132 1185 et
1145 1126 1244 1196 vasto,

288 1220 321 1277 et
341 1216 515 1291 incondita,
538 1221 571 1278 et
592 1217 727 1278 ridicula
748 1223 834 1289 sunt,
849 1220 886 1278 ut
900 1217 1018 1277 homini
1033 1218 1086 1295 qui
1101 1217 1151 1278 sui
1166 1235 1247 1278 oom-

287 1310 405 1388 possit
427 1312 537 1370 venire
558 1311 678 1389 possint
705 1310 738 1370 in
760 1316 895 1372 mentem
920 1310 1060 1384 nemini;
1090 1311 1246 1372 fateamur

286 1407 434 1480 oportet,
457 1423 493 1463 ea
513 1421 591 1480 quae
620 1404 801 1481 Philosophi
828 1403 933 1464 fauere
953 1403 985 1462 iu
1009 1403 1137 1480 negotio
1160 1404 1245 1465 Reli-

286 1496 390 1576 gionis
410 1497 551 1574 aggressi
574 1502 660 1572 sunt,
683 1498 753 1558 odio
774 1497 951 1574 Religionis
972 1496 1066 1556 fuisse
1089 1501 1244 1574 suseepta3

286 1607 403 1666 vosque
425 1590 516 1667 ipsos,
538 1591 788 1652 Eminentissimi
809 1592 946 1663 Patres,
974 1608 1107 1666 quorum
1129 1591 1246 1668 pleris-

285 1703 344 1762 que
365 1684 509 1744 omuibus
527 1683 753 1762 Angustissimi
776 1687 809 1743 et
829 1683 1089 1745 christianissimi
1104 1684 1245 1747 (laeseris

285 1777 383 1837 nullis
404 1795 549 1853 umquam
571 1778 705 1838 saeculis
727 1777 766 1839 ab
791 1777 949 1836 hominum
971 1778 1192 1839 recordatione
1212 1796 1247 1838 ae

284 1870 429 1931 laudibus
451 1869 599 1931 habitura
620 1871 721 1948 pietas
737 1871 802 1928 'hoe
823 1869 946 1947 asylum
971 1854 1120 1946 aperuit,
1149 1873 1245 1931 hnea

283 1961 484 2038 Philosophia
504 1962 574 2021 odio
596 1961 772 2040 Religionis
790 1959 886 2021 fnisse
901 1963 1084 2039 compulsos.
1101 1965 1150 2024 At
1164 1963 1244 2022 enim

283 2056 342 2116 hoe
364 2055 428 2116 erit
449 2055 486 2115 de
508 2056 595 2116 vobis
617 2057 765 2133 nobisque
780 2055 943 2116 verissime
964 2056 1179 2131 indicendum,
1194 2055 1245 2134 qui

282 2149 421 2210 hostium
443 2168 554 2211 manus
575 2150 753 2223 evasimus3
776 2151 813 2208 de
841 2150 898 2210 Pio
919 2150 1016 2210 Sexto
1038 2150 1245 2212 dubitandum

282 2245 369 2317 erit,
394 2244 447 2322 qui
468 2248 632 2322 postquam
655 2263 674 2304 a
695 2245 774 2303 Sede
796 2261 852 2304 sua
873 2245 1045 2316 detrusus,
1069 2245 1244 2315 detractus,

282 2337 486 2415 divulsusque
508 2342 574 2411 est,
598 2338 686 2399 nullo
708 2353 767 2395 non
790 2340 932 2413 tempore
952 2337 1081 2398 illorum
1096 2342 1131 2398 et
1146 2336 1245 2398 furori

280 2430 408 2509 patuit,
430 2433 464 2490 et
489 2433 615 2491 taudem
643 2428 769 2488 immori
790 2429 980 2490 erudelitate
1007 2429 1141 2491 debuiti
1163 2433 1245 2500 Quae

281 2527 406 2586 demum
426 2522 502 2597 erit,
525 2521 587 2582 nisi
609 2523 686 2582 haee
708 2526 768 2594 est,
789 2539 909 2584 summa
922 2526 956 2582 et
969 2523 1092 2583 homine
1114 2525 1244 2584 minime

280 2618 377 2696 digna
396 2617 429 2678 iu
448 2616 613 2678 iudicando
636 2615 845 2694 perversitas,
868 2619 901 2675 et
922 2617 1109 2677 temeritas?
1131 2619 1244 2686 Quam·

281 2712 402 2784 obrem,
424 2712 504 2788 quod
525 2713 575 2770 est
596 2709 629 2768 in
652 2708 763 2786 primis
783 2709 992 2769 neeessariam
1016 2711 1052 2768 ut
1076 2727 1145 2770 esse
1161 2727 1245 2770 mar·

280 2803 403 2881 tyrium
425 2805 533 2881 possit,
558 2803 663 2864 odium
685 2799 882 2878 Religionis,
897 2802 955 2860 hoo
968 2805 1091 2862 eertum
1113 2801 1164 2863 ita
1178 2819 1243 2862 esse

279 2899 374 2974 atque
395 2898 434 2958 ab
452 2896 535 2957 omni
555 2894 753 2957 dubitatione
777 2897 936 2954 remotum
955 2895 1064 2967 debet,
1083 2893 1124 2964 dn
1152 2894 1242 2954 Pium

279 2990 412 3050 Sextum
432 2991 624 3069 explicatum
638 3005 728 3048 omne
742 2985 852 3061 fuisse,
868 2990 905 3048 ut
919 2990 1013 3048 antea
1027 2987 1175 3048 dubitare
1189 2989 1241 3046 de-

279 3079 432 3155 beamus,
454 3083 592 3143 iueritne
618 3097 763 3159 umquam
786 3080 862 3140 Pius
886 3081 1026 3154 Sextus,
1052 3097 1144 3156 quam
1166 3095 1241 3139 eane

278 3192 357 3251 quae
370 3175 454 3234 ferre
468 3180 502 3237 et
515 3177 653 3238 tolerare
668 3177 744 3236 Pius
752 3176 868 3236 Sextus
883 3173 1005 3248 debuit,
1017 3173 1087 3234 odio
1099 3173 1240 3251 Religio·

278 3265 328 3326 nis
342 3267 375 3326 in
388 3266 480 3326 illum
494 3267 616 3330 fuerint
628 3269 789 3346 expedita.

338 3362 403 3420 Iam
425 3361 618 3438 Martyrium
639 3361 713 3439 quid
735 3361 864 3440 proprie
885 3359 1044 3432 dieamus,
1066 3360 1129 3420 etsi
1151 3374 1237 3418 nemo

276 3457 327 3516 est
352 3449 406 3531 qui
435 3453 572 3529 neseiat,
595 3453 759 3516 dicendum
785 3458 835 3515 est
856 3457 962 3516 tamen
983 3453 1068 3514 beati
1089 3447 1237 3531 cypriani

339 3568 376 3622 (1)
393 3568 456 3616 Lao.
469 3567 507 3615 1³.
518 3567 558 3615 28.
