2624 4260
453 311 490 324 -
515 279 572 336 177
595 310 631 320 -

60 383 117 441 hae
137 401 230 442 eausa
251 383 321 442 fieri
343 384 471 443 anobis
493 387 675 460 oporteret,
699 385 824 460 cognito
846 385 941 444 etiam
964 403 1023 444 ve-

61 477 248 536 nerabilium
270 479 432 550 Fratrum,
456 496 490 537 ao
512 478 697 536 dilectorum
719 477 873 537 Filiorum
895 481 1024 540 Nostro·

61 589 130 629 rum
153 571 298 643 consilio,
315 590 390 648 quos
404 575 460 631 aut
481 571 598 646 alloqui
620 589 739 643 coram,
755 575 811 631 aut
825 591 881 648 per
896 574 1023 632 litteras

59 665 222 723 consulere
243 666 414 742 potuimuS,
428 683 498 724 cum
520 664 701 724 iustissimis
716 665 753 723 de
776 666 877 736 causis
900 669 1023 726 statue-

59 759 159 818 rimus
181 760 408 819 abdicationem
437 763 516 820 banc
538 759 665 818 anobis
692 779 759 818 esse
786 759 1021 837 admittendam,

60 855 96 910 ut
117 871 197 930 quae
219 873 276 930 per
297 873 364 913 eam
387 853 573 914 Vincentius
593 854 696 912 Maria
717 856 753 913 de
774 855 914 914 Alteriis
929 858 1024 915 confi-

58 963 128 1003 cere
151 947 268 1021 voluit,
284 950 349 1007 vim
371 967 457 1008 suam
480 965 600 1006 omnem
622 949 737 1007 habere
761 949 898 1023 possint:
916 951 1024 1009 aueto-

57 1037 159 1097 ritate
190 1041 413 1116 omnipotentis
441 1041 518 1114 Dei,
541 1045 575 1099 et
603 1043 779 1098 sanctorum
809 1043 1023 1117 apostolorum

21 1177 23 1186 .
57 1134 150 1193 Petri
173 1139 207 1194 et
227 1137 337 1210 Pauli,
360 1143 394 1197 et
412 1140 552 1209 Nostra,
574 1137 802 1196 abdicationem
833 1139 941 1198 dilecti
962 1141 1032 1200 filii

58 1228 220 1288 Vincentii
236 1231 355 1290 Mariae
378 1233 413 1289 de
428 1231 561 1290 Alteriis
576 1251 592 1290 e
607 1232 804 1291 cardinalatu
826 1234 1024 1292 admittimus

57 1321 248 1380 solemniter
268 1327 362 1398 atque
384 1327 588 1398 acceptamus.
607 1325 685 1382 Tum
701 1324 901 1382 Vincentium
916 1327 952 1384 de
966 1327 1032 1386 al·-

57 1415 153 1473 teriis
176 1417 318 1475 omnibus
339 1417 552 1476 cardinalatus
574 1417 720 1475 oneribus
741 1416 930 1490 liberatum,
957 1419 1024 1477 dia-

56 1506 162 1579 conia,
185 1509 371 1580 honoribus,
394 1509 614 1585 appellatione,
631 1509 819 1584 insignibus,
832 1509 1033 1586 privilegiis,

56 1601 327 1676 praeeminentiis,
347 1603 469 1662 iuribus
494 1603 708 1678 quovismodo
733 1604 770 1660 ad
794 1603 1023 1662 cardinalatum

57 1696 290 1771 spectantibus,
313 1703 345 1756 et
366 1696 553 1774 praesertim
575 1696 660 1756 vocis
681 1697 804 1755 activae
827 1700 860 1756 et
882 1697 1024 1772 passivae

57 1789 88 1845 in
113 1790 269 1849 electione
281 1793 401 1850 Summi
415 1790 579 1850 Pontificis
595 1789 720 1848 omnino
735 1790 903 1866 spoliatum
920 1809 955 1850 ae
970 1791 1025 1848 de-

57 1882 228 1956 stitutum,
252 1886 439 1944 sacramenti
460 1884 703 1960 obligationibus
724 1884 859 1942 solutum
882 1884 1024 1943 deelara-

57 1994 146 2034 mus:
177 1976 224 2035 ita
252 1980 288 2034 ut
308 1977 495 2037 Vincentius
523 1977 626 2036 Maria
651 1978 688 2034 de
716 1976 868 2048 Alteriis,
903 1975 1023 2051 pridem

57 2071 90 2128 S.
110 2072 150 2128 R.
167 2071 203 2128 Ε.
221 2069 397 2128 Cardinalis
425 2071 571 2128 diaconus
593 2069 691 2128 titulo
714 2070 745 2127 S.
764 2069 882 2128 Mariae
904 2069 937 2125 in
964 2069 1025 2127 Via

56 2163 154 2232 Lata,
170 2161 313 2238 deinceps
334 2161 455 2220 censeri
476 2162 588 2220 debeat
608 2162 736 2238 perinde
759 2179 795 2220 ao
824 2161 876 2236 qui
901 2161 1024 2220 diaconi

56 2254 182 2331 privati
208 2259 282 2313 sunt
306 2254 427 2313 censeri
449 2254 561 2313 solent.
586 2256 650 2313 Vos
677 2254 804 2330 itaque,
827 2253 1024 2312 venerabiles
1100 2237 1107 2256 ⁹

56 2349 204 2422 Fratres,
219 2367 255 2408 ac
277 2348 386 2408 dilecti
400 2347 478 2407 Filii
491 2347 613 2419 Nostri,
630 2366 669 2406 ex
684 2349 741 2407 hac
757 2347 807 2406 die
822 2347 1023 2406 Vincentium

56 2443 194 2502 Mariam
210 2443 247 2500 de
261 2442 407 2514 Alteriis,
424 2441 597 2514 diaconum,
614 2459 673 2499 non
688 2441 823 2517 amplius
836 2440 868 2498 in
891 2440 1025 2516 collegio

57 2541 169 2597 vestro
190 2537 405 2610 recensebitis,
422 2554 552 2612 eumque
575 2536 717 2594 omnibus
739 2535 920 2608 honoribus,
935 2551 1026 2610 prae-

57 2629 217 2708 rogativis
231 2635 264 2690 et
284 2631 405 2690 iuribus
420 2631 458 2688 ad
480 2629 709 2690 cardinalatum
724 2629 833 2706 quovis
856 2629 946 2687 modo
959 2645 1026 2702 spe·

57 2724 221 2784 stantibus
243 2724 431 2784 destitutum
453 2740 580 2800 prorsus
602 2727 695 2798 atque
718 2721 885 2798 spoliatum
907 2719 1025 2778 iudica-

56 2817 149 2877 bitis:
167 2817 214 2876 ita
229 2817 309 2876 enim
327 2819 363 2875 de
379 2814 573 2893 plenitudiue
588 2815 755 2890 potestatis
771 2815 908 2874 Nostrae
920 2811 1026 2868 decer-

58 2911 164 2970 nimus
185 2915 280 2988 atque
301 2907 524 2986 praeripimus,
539 2909 686 2984 vobisque
708 2905 912 2983 apostolicam
934 2904 1025 2962 bene·

58 3005 228 3064 dictionem
251 3004 464 3065 amantissime
486 3002 697 3079 impertimur.

119 3100 235 3160 Datum
258 3117 296 3156 ex
319 3097 443 3157 coenob.
470 3095 667 3156 carthusien.
695 3112 790 3171 prope
810 3089 1023 3164 Florentiam,

59 3193 110 3250 die
132 3194 193 3250 VII
220 3191 378 3267 Septemb.
402 3189 661 3260 moooxdvffl,
690 3186 896 3246 Pontificatus
916 3184 1026 3244 Nostri

59 3304 141 3344 anno
163 3286 282 3344 XXIV.
