2624 4260
661 247 779 308 -246
801 278 838 291 -

267 353 386 432 ligione
414 357 571 418 catholica
598 377 744 420 romana:
769 376 867 437 quam
895 357 1139 421 reservationem
1170 377 1232 418 non

267 452 416 526 poterunt
436 450 671 512 rationabiliter
686 451 819 512 relicere
832 451 886 529 qui
900 451 1069 530 imperant,
1082 450 1232 528 quoniam

267 540 300 602 in
332 543 474 604 omnibus
508 543 674 605 conformis
704 549 753 606 est
783 545 870 607 actui
901 543 1014 622 Populi
1044 543 1234 621 imperantis

266 634 425 715 Principis
446 638 508 699 diei
531 639 570 700 15
590 640 758 702 Februarii
781 641 871 714 1798,
886 657 947 717 quo
968 639 1099 717 populns
1114 640 1234 698 Roma-

267 747 326 789 nus
346 730 379 789 in
402 750 496 792 unum
517 735 704 796 conveniens
728 753 833 797 coram
853 736 918 794 Deo
939 736 973 794 et
993 733 1141 792 universo
1165 734 1236 791 ter·

267 839 375 882 rarum
398 825 483 901 orbe,
507 845 568 886 uno
588 828 704 907 spiritu
727 847 847 906 unaque
870 845 945 888 voce
966 824 1153 896 declaravit,
1170 823 1234 884 sal-

267 931 338 976 vam
361 917 445 978 velle
467 937 499 980 se
521 921 717 1000 religionem,
733 940 824 1000 quam
842 921 874 981 in
896 919 1075 998 praesentia
1096 934 1233 978 venera-

268 1011 323 1068 tur
343 1013 377 1071 et
397 1020 517 1086 servat,
540 1015 660 1076 scilicet
681 1015 867 1076 catholicam
889 1014 1084 1091 religionem.
1108 1013 1154 1072 lin
1169 1009 1233 1087 igi-

267 1105 322 1162 tur
343 1103 477 1168 formula
498 1108 669 1169 iuramenti
683 1111 763 1186 quod
780 1109 988 1186 unnsquisque
1003 1111 1146 1167 vestrum
1160 1105 1233 1163 tuta

268 1198 459 1260 conscientia
479 1203 640 1278 praestare
669 1201 799 1279 poterit:
823 1201 926 1278 ‹an
947 1200 986 1279 N.
1010 1199 1050 1258 N.
1071 1201 1157 1270 iuro,
1183 1212 1234 1256 me

267 1292 396 1350 nnllam
412 1301 541 1368 partem
562 1295 750 1354 habitarum
773 1297 810 1354 in
831 1295 977 1372 qnalibet
987 1292 1232 1361 coniuratione,

268 1386 419 1458 coitione,
433 1389 484 1446 vel
497 1388 653 1448 seditione
670 1406 732 1464 pro
754 1391 999 1448 instauratione
1018 1385 1235 1444 monarchiae

268 1483 300 1537 et
326 1487 443 1539 contra
467 1484 706 1558 rempublicam,
730 1499 815 1560 qnae
836 1490 913 1542 acta
937 1483 1100 1557 imperat,·
1120 1479 1236 1536 odiam

269 1571 422 1632 adversm
443 1575 648 1647 anarctiam,
664 1577 858 1654 fidelitatem
872 1584 904 1636 et
918 1576 1147 1635 adhaesionem
1159 1571 1237 1631 Rei·
1302 1555 1303 1610 i

264 1664 414 1740 publicae
433 1675 465 1725 et
486 1664 732 1741 Constitutioni,
755 1672 849 1730 calca
869 1676 980 1728 tamen
1000 1667 1162 1742 relipione
1181 1681 1237 1724 ca·

268 1755 391 1818 italica
414 1777 598 1820 romana.»

328 1851 550 1913 Existimatnm
572 1857 621 1914 est
641 1857 721 1915 hanc
749 1855 914 1916 formulam
940 1853 1082 1932 superius
1104 1851 1158 1910 hic
1180 1867 1237 1909 ex·

268 1957 406 2018 pressam
428 1944 520 2004 (llere
541 1951 773 2025 proponendam
794 1965 874 2020 esse,
891 1952 927 2007 nt
941 1946 1005 2006 sint
1019 1961 1126 2004 omnes
1141 1943 1235 2002 unius

267 2035 344 2096 labii
366 2041 400 2096 et
420 2056 595 2100 sermonum
628 2041 815 2116 eorundem,
837 2044 1000 2118 postquam
1025 2039 1090 2100 Nos
1113 2052 1237 2095 summa

268 2129 456 2190 maturitate
478 2150 514 2192 ac
539 2133 668 2210 praevia
689 2133 848 2194 sententia
868 2139 901 2193 et
922 2129 1052 2191 consilio
1074 2128 1234 2199 virorum,

267 2239 344 2298 quos
369 2224 402 2284 ct
427 2224 605 2302 theologica
632 2224 775 2286 doctrina
802 2231 835 2285 et
862 2224 963 2303 pietas
991 2221 1235 2292 commendant,

267 2313 404 2375 eiusdem
432 2319 530 2377 verba
551 2319 736 2394 digessimus
757 2320 795 2378 ad
818 2317 979 2378 tramitem
1001 2313 1233 2393 principiorum

268 2423 304 2466 ac
325 2408 508 2484 regularum
529 2410 703 2469 catholicae
724 2409 898 2487 religionis.

321 2492 394 2560 'Hae
415 2502 465 2561 die
486 2504 525 2562 ΙΙ.
549 2503 687 2564 Ianuarii
709 2503 927 2565 MDOOXOIX.

751 2640 904 2701 Octaviae
924 2639 1012 2699 Boni

539 2734 688 2810 Archiep.
701 2735 914 2794 Nazianzenus
929 2732 1233 2808 Pro-Vicesgerene.
1303 2759 1304 2778 l
