2606 4268
469 237 649 298 -133-

67 343 200 414 Noster,
213 342 422 419 universoque
439 345 513 406 tuae
535 343 626 404 Fidei
637 343 801 404 commisso
819 345 944 422 populo,
960 346 1045 422 Apo·

66 437 214 576 attolicam
243 437 492 500 benedictionem
522 438 678 515 auspicem
700 445 901 516 peramanter
922 441 1042 516 imper·

89 535 186 578 imur.

128 612 245 672 uacum
267 613 383 675 nomae
405 611 455 671 uie
476 613 552 674 xur
573 609 694 688 Aprilis
709 613 908 685 unooxiu,
931 589 1041 680 ronu-

68 703 184 766 iicatus
203 703 314 770 Nostri
336 723 417 767 auno
439 705 542 766 XXII.

463 912 647 968 ΧΧΧΙΧ.

441 1061 571 1103 ottuoro
592 1059 674 1102 rimo

222 1189 451 1250 FRANOISGO
473 1191 660 1250 THERESE
682 1190 882 1249 PANISSET

361 1353 480 1434 rius
508 1353 649 1471 ripn
676 1352 743 1429 vi.

26 1591 29 1596 -
137 1513 139 1518 Ι
191 1551 327 1609 Dilecta
347 1551 430 1620 Fili,
446 1552 597 1610 Salutem
619 1511 911 1621 conpescendam

403 1645 701 1704 Benedicticncm.

127 1833 305 1893 Plurimum
328 1851 400 1894 sane
422 1837 553 1910 paterno
575 1833 677 1892 dolori
691 1835 808 1896 Nostro
822 1834 970 1893 solatium
988 1852 1038 1894 ce·

67 1926 188 2003 pimus,
211 1945 280 1986 cum
304 1927 544 2004 perlegissemus
568 1928 833 1986 retractationem
856 1930 1036 1990 inamata

64 2019 288 2097 subscriptam,
310 2022 404 2096 atqua
425 2021 462 2080 ad
484 2021 549 2080 Nos
565 2021 780 2081 transmissam
803 2040 865 2082 una
888 2039 958 2080 cum
980 2021 1038 2081 lit·

66 2114 146 2174 teris
175 2113 225 2172 die
246 2113 287 2172 22
308 2111 475 2172 Februarii
503 2114 644 2188 proxime
674 2113 839 2189 praeteriti
872 2114 976 2186 datis,
1002 2114 1035 2178 in

66 2207 180 2284 quibus
201 2206 288 2266 clara
309 2205 438 2282 praebes
461 2205 589 2278 indicia,
613 2211 643 2266 te
665 2207 704 2267 ab
724 2209 844 2268 erroris
865 2208 979 2268 semita
996 2209 1034 2268 ad

67 2300 181 2360 matris
195 2298 352 2359 Ecclesiae
374 2299 528 2375 gremium
551 2295 693 2372 rediisse,
708 2319 873 2378 omnesque
889 2306 1035 2366 accurate

66 2394 264 2454 conditiones
285 2394 443 2470 explesse,
467 2411 545 2469 quac
567 2394 600 2452 in
620 2395 750 2456 Nostris
778 2397 1035 2473 praescribuntur

65 2487 233 2559 Brevibus‚
256 2488 351 2562 atque
371 2485 427 2544 illo
450 2486 615 2562 praecipue
638 2487 700 2546 diei
725 2489 866 2548 131unii
895 2489 985 2560 1792,
1001 2489 1034 2549 iu

65 2597 126 2656 quo
147 2595 295 2655 expresse
317 2579 506 2636 mandantur
527 2595 575 2650 ea,
592 2597 669 2654 quae
689 2581 806 2640 intrusi
828 2580 860 2640 in
887 2581 970 2640 viam
987 2598 1036 2642 sa-

65 2674 145 2734 lutis
166 2674 359 2750 remigantes
380 2672 506 2748 exsequi
530 2675 662 2746 debent,
684 2678 851 2752 antequam
874 2677 912 2735 ad
935 2673 1035 2750 perci-

65 2767 210 2844 piendam
231 2764 436 2828 absolutionis
457 2766 594 2842 gratiam
615 2767 839 2835 admittentem
855 2771 1035 2843 praetcrea·

65 2880 124 2939 que
147 2862 285 2922 animum
308 2861 389 2920 hunc
411 2863 500 2918 tuum
523 2861 627 2936 reipsa
646 2861 746 2920 Nobis
765 2860 972 2932 confirmasti,
989 2858 1035 2920 di-

65 2957 160 3016 missa
174 2973 283 3030 nempe
302 2969 379 3012 cura
392 2953 425 3011 S.
442 2953 531 3013 Petri
547 2956 583 3012 de
597 2954 750 3031 Albigny‚
767 2955 799 3012 in
814 2972 875 3030 qua
889 2955 1033 3032 legitime

64 3051 171 3110 fueras
192 3049 369 3108 institutus.
393 3047 530 3108 Maxima
552 3047 583 3108 iu
606 3049 664 3106 hoc
685 3049 750 3108 Nos
773 3052 862 3108 tuum
881 3048 1034 3125 approba·

65 3163 133 3204 mus
144 3144 321 3215 consilium,
333 3143 412 3219 quod
428 3143 549 3219 publice
564 3148 719 3215 constare,
732 3144 857 3220 lateque
870 3162 925 3221 per
939 3150 1032 3222 typos

64 3237 197 3297 diffundi
219 3236 358 3295 volueris
372 3253 440 3294 eam
455 3237 714 3297 retractationem
730 3237 788 3314 (l),
809 3256 879 3296 cum
895 3239 977 3296 hunc
999 3237 1032 3296 in

127 3385 404 3441 (incunctantem
413 3388 488 3444 hano,
500 3399 551 3446 qua
560 3386 838 3436 Paaissetuemeruita
853 3386 954 3434 Summo
968 3388 1033 3434 Poa-

64 3461 134 3510 titlce
147 3460 243 3510 nedum
260 3462 429 3510 absolutionis
445 3463 596 3510 Mueflcium
611 3464 643 3510 ab
659 3461 931 3518 excommunicatione,
943 3471 1033 3509 verunt

65 3539 91 3584 et
100 3537 216 3584 solamen
226 3537 388 3595 Apostolicae
398 3538 476 3585 huius
486 3537 618 3596 epistolae,
629 3537 727 3596 placuit
735 3535 765 3584 ln
773 3534 945 3596 appendicem
954 3534 1032 3585 huius
