2632 4262
666 281 785 341 -254
806 313 843 325 -

274 385 432 446 occulere:
448 389 483 446 et
497 387 522 446 si
537 386 635 446 animi
657 388 717 446 mei
743 389 948 449 abiectionem
967 406 1024 451 noc
1039 393 1168 450 tantum
1193 389 1248 448 de-

274 477 361 550 flevi,
377 482 529 555 quantum
542 480 657 539 Petrus
680 481 878 558 negationem
900 501 1008 554 suam,
1031 481 1111 542 illud
1134 485 1247 540 tamen

274 572 434 649 exoptavi.
452 574 586 633 Mortem
601 573 700 650 ipsam
714 576 746 634 in
763 575 941 636 voluntario
957 593 1025 636 meo
1044 591 1175 634 carcere
1192 592 1249 634 ex·

273 667 356 744 oipio
377 667 426 726 uti
449 685 578 744 poenam
606 685 693 728 meae
714 669 842 746 culpae:
861 673 895 730 et
916 673 1011 740 tuno,
1033 669 1060 728 si
1082 668 1131 728 ita
1153 668 1247 745 loqui

273 761 321 821 fas
341 766 400 832 ost,
416 761 448 820 in
469 761 575 822 altera
597 761 666 821 vita
686 763 884 824 beatissimus
898 781 952 822 ero
968 761 1246 841 (quandoquidem

274 873 313 914 ex
335 853 461 915 infinita
481 854 537 914 Dei
560 854 795 930 misericordia,
817 861 850 916 et
870 857 994 916 meritis
1022 858 1092 916 Iesu
1115 855 1245 916 Christi

272 952 434 1010 aeternam
455 949 589 1027 gloriam
611 954 727 1028 spero),
748 969 817 1010 oum
839 969 956 1010 novero
977 950 1086 1027 culpae
1113 948 1244 1010 veniam

273 1044 379 1103 datam
400 1044 432 1103 in
455 1044 551 1104 terris
573 1044 650 1104 milri
673 1043 780 1104 fnisse.
802 1044 932 1104 Interim
953 1044 1131 1104 carissimos
1154 1060 1251 1108 meoa

273 1136 517 1213 consanguineos
538 1154 659 1214 precor,
678 1141 712 1196 ut
734 1138 788 1197 hos
808 1142 966 1198 extremos
980 1138 1077 1198 animi
1092 1136 1156 1194 mci
1173 1154 1244 1195 sen·

272 1247 324 1288 sua
339 1229 425 1306 typis
436 1229 598 1306 evulgent,
611 1233 705 1306 atque
720 1232 757 1288 ad
771 1230 1059 1291 Eminentissimnm
1072 1229 1242 1290 Dominum

271 1324 471 1386 Cardinalem
485 1325 600 1386 Albani
612 1325 744 1386 mittant
755 1325 837 1384 sacri
848 1325 980 1402 Collegit
994 1327 1165 1386 Decanum.
1180 1322 1241 1382 Hic

272 1437 353 1480 novo
368 1421 496 1480 Summo
512 1419 660 1479 Pontifici
680 1437 731 1480 eos
745 1419 869 1492 offerat,
885 1417 975 1478 lllius
995 1420 1088 1494 pedes
1111 1415 1239 1474 nomine

272 1531 340 1574 meo
361 1512 533 1585 osculetur,
556 1513 729 1590 plenariam
751 1514 882 1588 expetat
907 1509 1026 1588 peccati
1049 1510 1110 1570 mei
1131 1508 1240 1568 indul·

272 1605 429 1683 gentiam:
452 1623 617 1683 omnesque
639 1604 888 1666 Eminentissimi
909 1603 1032 1664 Domini
1053 1601 1240 1664 cardinales

271 1699 408 1776 quietem
423 1703 456 1758 et
471 1715 576 1774 paoem
591 1716 705 1774 quaeso
718 1697 839 1757 animae
854 1714 940 1756 meae
955 1699 1141 1772 precentur:
1159 1713 1239 1772 quae

272 1791 299 1850 si
319 1809 356 1850 eo
377 1791 561 1852 abiectioris
586 1793 733 1866 devenit,
757 1799 792 1853 ut
821 1810 941 1853 sacram
967 1791 1158 1868 dignitatem
1186 1805 1238 1849 re-

273 1885 451 1956 nunciaret,
468 1886 518 1945 cni
532 1904 571 1945 ex
585 1905 691 1946 eorum
707 1888 883 1948 constantia
899 1889 1021 1947 tontum
1044 1886 1169 1945 decoris
1187 1903 1239 1945 ao·

271 1976 366 2050 cedit,
388 1995 509 2055 semper
531 1983 635 2039 tamen
661 1983 735 2053 Deo,
751 1980 897 2056 religioni
918 1979 1121 2039 etEoclesiae
1143 1978 1238 2038 fidem

271 2070 431 2145 servavit,
447 2075 540 2149 atque
561 2071 593 2130 in
615 2072 720 2132 osculo
740 2071 890 2133 Crucifixi
912 2091 932 2133 a
953 2074 1066 2132 mundo
1087 2071 1236 2134 discedit.

849 2165 884 2225 V.
901 2167 947 2226 M.
961 2166 1097 2226 Altieri.

594 2313 915 2480 polisti

463 2560 513 2618 DI
546 2559 807 2620 TOMMASO
848 2563 1037 2623 ANTIGl

515 2683 574 2742 oni
591 2697 780 2744 oannruann
797 2699 832 2745 nr
849 2701 875 2746 s.
886 2700 916 2746 n.
928 2699 955 2746 o.
971 2700 1007 2752 ιιι

742 2822 763 2864 ι

367 2927 451 3006 ΡΙΟ
480 2929 565 3006 VH.
588 2927 872 3009 PONTEFIOE
907 2930 1135 3011 MASSIMO

427 3087 635 3146 Beatissimo
656 3087 765 3146 Padre

328 3188 516 3262 Rinunziai‚
542 3191 643 3252 Padro
666 3193 784 3265 Sento,
807 3193 839 3253 la
859 3193 982 3273 dignita
1001 3196 1228 3272 cardinalizia,

268 3299 285 3340 e
307 3280 338 3340 la
359 3279 421 3342 mia
442 3281 586 3342 rinunzia
607 3283 640 3342 fu
661 3285 800 3347 assoluta
820 3292 1015 3364 eperpetua.
1039 3289 1092 3349 Ma
1106 3289 1227 3352 chiamo

267 3373 324 3434 Dio
346 3373 378 3432 in
401 3373 581 3435 testimonio
609 3377 666 3435 ohe
695 3378 759 3438 tale
781 3379 845 3440 mia
865 3381 1007 3442 rinunzia
1028 3381 1060 3441 lu
1083 3383 1143 3442 ben
1164 3383 1229 3443 lon-

329 3507 368 3560 (1)
384 3504 659 3564 vid.supr.pag.174.
676 3509 837 3566 Apostolicas
860 3513 983 3570 Litteras,
1002 3513 1094 3572 qulbus
1117 3515 1178 3562 Pina
1193 3517 1226 3562 vi

267 3581 322 3629 eiua
339 3581 523 3632 abdicationem
539 3595 553 3630 o
569 3581 735 3632 cardinalatu
746 3585 856 3634 admisit.
