2606 4268
243 370 348 430 delum
370 371 519 445 reparent
539 387 575 429 eo
591 371 714 430 meliori
737 371 827 430 modo
849 388 908 448 quo
929 369 999 428 fieri
1022 365 1151 444 poterit:
1172 367 1218 425 ab
1297 378 1298 416 l

243 464 282 522 iis
303 480 378 521 vero
405 461 458 538 qui
487 467 615 539 praeter
643 465 886 540 praestationem
916 462 1008 522 civici
1036 459 1217 520 iuramenti

244 556 307 616 alia
329 554 517 632 gravissima
537 557 654 618 delicta
675 558 707 616 in
727 557 986 634 praecedentibus
1007 553 1111 614 dubiis
1125 570 1218 612 com-

244 652 417 709 memorata
437 652 620 724 patrarunt,
634 651 805 728 exigendas
819 669 886 709 esse
909 649 1063 708 salutares
1085 650 1118 705 et
1132 664 1218 704 con-

245 741 408 800 venientes
436 741 665 802 satisfactiones
698 762 754 821 pro
775 744 930 820 qualitate
958 741 1148 812 criminum,
1179 741 1217 798 et

246 835 474 914 poenitentium
497 835 712 898 facultatibus.

305 929 445 987 Dubium
466 931 647 1004 septimum.
672 931 705 991 Si
727 930 897 1006 Episcopus
925 927 1086 1004 praefatus
1103 923 1214 983 edicto

246 1020 374 1082 solemni
396 1022 535 1097 declaret
557 1040 589 1080 se
612 1022 643 1080 in
670 1041 726 1082 sua
748 1023 886 1083 Dioecesi
902 1021 1016 1081 tollere
1038 1035 1160 1078 omnem
1178 1019 1214 1076 et

245 1117 441 1192 peccatorum
463 1117 496 1172 et
511 1131 713 1174 censurarum
728 1117 997 1188 reservationem,
1014 1110 1148 1187 demptis
1164 1112 1217 1170 ta·
1299 1109 1300 1128 ³

245 1223 314 1264 men
340 1209 373 1264 et
402 1205 542 1282 exceptis
575 1207 843 1268 reservationibns
865 1210 975 1268 Sedem
998 1203 1213 1282 apostolicam

246 1299 481 1376 spectantibus3
505 1317 636 1374 quaeres
666 1305 771 1360 utrum
804 1301 889 1378 ipsae
918 1299 1150 1360 reservationes
1174 1297 1215 1356 de

245 1395 316 1454 iure
337 1394 396 1454 tali
418 1393 520 1452 edicto
543 1393 686 1454 sublatae
709 1397 878 1454 censendae
902 1394 977 1453 sint.

305 1487 514 1565 Responsum.
530 1487 592 1544 Per
614 1487 750 1544 solemne
773 1485 911 1544 edictum
933 1485 1080 1562 Episcopi
1098 1483 1212 1551 iurati,

246 1579 436 1639 declarantis
459 1595 490 1636 se
513 1577 543 1634 in
566 1596 622 1638 sna
643 1578 781 1638 Dioecesi
808 1579 922 1638 tollere
943 1595 1063 1637 omnem
1087 1581 1120 1636 et
1142 1593 1215 1653 pec-

246 1676 388 1731 catorum
404 1674 438 1730 et
457 1688 659 1730 censurarum
680 1671 938 1744 reservationem,
953 1670 1086 1748 demptis
1104 1676 1212 1730 tamen

247 1769 279 1825 et
302 1763 442 1840 exceptis
470 1763 739 1824 reservationibus
766 1765 876 1824 Sedem
902 1765 1215 1840 Apostolioamspe·

246 1858 425 1929 clastibus,
449 1857 589 1916 sublatas
614 1857 734 1916 censeri
764 1875 823 1915 non
845 1857 957 1916 debere
979 1856 1214 1916 reservationes
1301 1851 1302 1894 ἕ

247 1951 284 2010 de
307 1951 374 2012 iure
396 1951 547 2026 Episcopo
575 1950 685 2012 lactas.

307 2045 355 2104 Ex
365 2044 494 2103 aedibus
506 2043 680 2116 Vaticanis,
691 2041 739 2102 die
747 2043 821 2102 XIV
830 2041 1211 2103 lanuariiMDOOXOVll.

899 2224 997 2290 θανά.
1010 2227 1129 2288 reseca.

657 2401 807 2456 mn.

529 2519 924 2588 RESPONSUM

288 2717 410 2780 Sacrae
425 2715 696 2797 Conprepctionis
707 2734 766 2794 pro
778 2716 922 2793 Nepotiis
935 2714 1174 2776 Ecclesiastieis

602 2809 789 2871 Galliarum
804 2809 860 2888 (1).
945 2837 956 2855 s

309 2981 532 3040 Goueancnmo
540 2981 578 3040 ad
590 2978 805 3038 ecclesiastica
816 2977 942 3054 negotia
954 2977 1132 3037 Galliarum
1146 2995 1216 3054 per·

249 3075 415 3134 tractanda
437 3073 642 3150 peculiariter
657 3072 807 3132 instituta
822 3071 983 3147 perpensis
998 3072 1122 3132 litteris
1138 3073 1211 3144 tuis,

249 3167 286 3226 ad
309 3184 363 3224 nos
387 3166 422 3224 ll
446 3164 618 3226 decembris
641 3163 782 3240 proxime
804 3163 913 3239 elapsi,
930 3165 963 3222 et
977 3164 1026 3223 die
1052 3165 1089 3224 16
1104 3164 1214 3224 ianua·

248 3257 289 3316 rii
304 3256 377 3314 anni
392 3256 550 3316 currentis
562 3254 658 3328 datis,
668 3257 735 3333 ipso
751 3273 870 3315 summo
883 3256 1030 3333 pontifice
1042 3259 1212 3329 annuente,

248 3349 308 3410 tibi
331 3352 439 3408 notum
460 3348 563 3408 facere
586 3351 713 3410 statuit:

310 3485 346 3540 (1)
362 3485 413 3530 Par
428 3497 463 3529 un
481 3481 564 3531 arrttt
581 3483 616 3530 du
633 3486 662 3530 15
678 3482 814 3530 Eructidor
830 3495 871 3529 an.
885 3485 920 3530 IV
931 3485 958 3537 (2
970 3480 1038 3529 Aout
1049 3484 1121 3539 1796)
1129 3483 1154 3529 le
1165 3483 1212 3531 Dl-

249 3557 357 3611 rectoire
373 3559 493 3610 Extnutil
508 3561 540 3610 de
555 3563 653 3610 Franco
670 3563 739 3611 avolt
755 3559 839 3610 statut
856 3573 904 3620 que
918 3561 956 3609 les
968 3559 1031 3608 boas
1043 3557 1153 3610 delivrts
1162 3574 1212 3610 anx
