2606 4268
647 223 825 286 -104-

660 371 809 446 κω.

562 492 691 536 aarum
710 491 906 536 PROROGATIO

433 620 716 683 FAOULTATUM
736 621 1035 684 GONGESSARUM
1278 706 1279 798 1

637 755 660 802 Δ
677 757 722 804 SS.
740 756 770 801 Ι).
789 755 820 802 N.
1278 799 1279 804 ,

464 839 466 842 ’
560 881 644 960 1³10
671 882 817 960 rnen
845 882 911 958 vr.

252 1036 529 1116 Arcbiepiscopis,
557 1041 742 1118 Episcopis,
770 1059 808 1102 oc
834 1041 1034 1102 Dioeccsibus
1061 1035 1222 1097 Admiai-
1280 987 1281 1080 l

313 1136 507 1194 stratoribus
520 1135 630 1212 Rapui
648 1133 845 1206 Galliarum,
861 1151 920 1196 acc
933 1152 1001 1194 aaa
1021 1131 1221 1192 avenionis.
1281 1130 1282 1182 l

314 1235 346 1286 ct
367 1225 547 1288 Comitatus
573 1229 762 1301 chaisiui,
785 1229 989 1300 Sobaudiac,
1018 1229 1221 1300 aliorumque
1282 1270 1283 1306 ,

316 1322 466 1394 locorum,
483 1341 567 1399 qaae
585 1326 807 1399 persecutioni
828 1331 906 1382 suat
926 1322 1079 1382 obaoocia.

313 1467 390 1528 Cum
405 1473 610 1544 perseverent
623 1453 723 1528 adhuc
738 1468 879 1528 infelices
894 1465 1158 1527 circumstantiae
1172 1481 1224 1522 re-

256 1559 310 1636 gni
325 1561 513 1633 Galliarum,
528 1562 715 1635 Avenionis,
729 1563 900 1622 comitatus
915 1559 1091 1631 Venaisini,
1104 1559 1222 1618 Sabou·
1284 1552 1285 1564 ¹

256 1655 337 1727 diae,
361 1656 555 1732 aliorumque
577 1658 673 1718 etiam
696 1659 851 1732 locorum,
867 1659 899 1716 in
921 1655 1032 1734 quibus
1050 1655 1159 1715 fideles
1180 1652 1224 1711 le·

257 1748 379 1826 gitimis
399 1749 585 1810 Pastoribus
608 1752 847 1825 destituuntur,
871 1770 927 1811 nec
956 1754 1087 1828 possunt
1108 1748 1223 1823 absque

257 1841 349 1918 gravi
372 1841 553 1902 discrimine
581 1848 614 1904 et
635 1845 828 1905 incommodo
857 1845 943 1904 adire
965 1845 1044 1903 hauc
1072 1839 1223 1919 apostoli·

257 1951 324 1993 cam
346 1935 469 2007 Sedam3
493 1937 717 1998 sanctissimus
739 1939 887 1999 Dominus
904 1939 1033 2008 Noster,
1048 1935 1136 1994 cuius
1154 1951 1224 1992 ocu·
1286 1969 1287 1974 κ

258 2029 299 2088 lis
320 2029 460 2106 quotidie
481 2031 690 2092 obversantur
710 2051 785 2092 oves
807 2034 840 2091 et
860 2031 935 2109 agni
956 2048 1028 2090 suae
1059 2028 1223 2088 universa-

257 2123 283 2182 li
305 2123 512 2184 sollicitudini
533 2129 567 2186 et
594 2144 688 2186 curae
709 2126 894 2198 concrediti,
909 2121 1022 2202 quique
1043 2121 1223 2182 indesinen-

259 2220 310 2275 ter
331 2216 490 2293 particeps
511 2221 561 2276 est
582 2217 799 2278 calamitatum
823 2218 964 2288 illorum,
987 2215 1149 2276 consulere
1172 2231 1223 2272 vo-

258 2309 327 2370 lens
342 2309 561 2386 spiritualibus
570 2329 677 2370 eorum
687 2313 926 2372 necessitatibus
937 2329 974 2370 eo
988 2309 1112 2369 meliori
1120 2309 1221 2378 modo,

259 2421 318 2480 quo
339 2403 410 2462 fieri
432 2406 552 2487 potest,
577 2421 659 2462 novo
681 2405 738 2462 hoc
759 2405 885 2464 ludulto
907 2400 1050 2463 concedit
1071 2401 1224 2479 praefatis

260 2484 515 2573 archiepiscopis,
531 2497 702 2574 episcopis,
724 2502 758 2558 et
779 2497 965 2558 dioecesium
987 2496 1224 2557 administrato·

259 2590 349 2650 ribus
371 2591 622 2668 prorogationem
644 2592 782 2651 omnium
796 2591 1055 2668 singularumque
1077 2594 1224 2649 extraor-

260 2683 455 2744 dinariarum
470 2683 661 2745 facultatum
677 2685 714 2745 ad
730 2685 834 2745 alium.
850 2675 979 2757 annum,
996 2703 1014 2744 a
1035 2683 1085 2742 die
1100 2682 1224 2760 expira-

262 2778 357 2838 tionis
379 2779 548 2839 cuiuslibet
569 2779 687 2840 Indulti
709 2780 931 2857 incipiendum,
955 2779 982 2838 si
1004 2777 1125 2840 tamdiu
1147 2782 1225 2838 tem·

262 2889 369 2949 porum
386 2873 551 2933 calamitas
570 2874 805 2952 perduraverit,
825 2873 936 2933 iisdem
955 2872 1077 2950 legibus
1098 2873 1132 2930 et
1150 2889 1224 2930 con·

262 2965 447 3040 ditionibus,
467 2985 545 3044 quae
565 2968 722 3046 prioribus
744 2967 881 3027 Indultis
902 2966 1116 3044 praescriptae
1138 2967 1223 3036 aunt,

262 3077 400 3136 quaeque
416 3059 545 3119 fuerunt
558 3061 736 3120 declaratae
757 3060 789 3118 in
813 3059 1035 3136 prorogatione
1052 3059 1103 3117 dic
1124 3059 1155 3117 X
1170 3059 1226 3117 De·

263 3151 398 3212 cambris
418 3148 679 3231 moeoticum).

323 3247 436 3305 Datum
458 3262 498 3303 ex
524 3245 662 3305 Aedibus
684 3245 847 3306 Vaticanis
875 3245 925 3305 die
952 3245 1022 3304 XV.
1046 3241 1225 3302 Decembris

264 3339 468 3400 Mucoxcu.

725 3419 764 3478 F.
782 3421 822 3479 X.
841 3417 939 3479 Gard.
954 3417 993 3476 de
1006 3416 1145 3476 Zelada.

327 3536 367 3590 (l)
382 3537 411 3582 Τ.
429 3537 449 3581 1.
467 3547 524 3594 pag.
542 3535 596 3582 866.
