2632 4262
455 315 633 375 -257-

392 485 542 539 hanina
563 487 699 538 versio

347 627 743 696 PROTESTATIO

266 808 537 869 ΤΗΟΜΑΕ
583 810 825 872 ΑΝΤΙΟΙ

333 951 414 998 omn
431 951 630 1000 carmuffls
642 952 668 998 s.
679 955 709 999 a.
721 955 750 1000 n.

526 1100 568 1142 An

108 1253 124 1278 ·
241 1237 375 1318 PIUM
416 1237 499 1314 VH.
539 1237 688 1316 PONT.
724 1239 851 1324 MAX.

228 1491 435 1549 Beatissimo
455 1492 557 1549 Pater

126 1635 322 1713 Dignitatem
334 1634 575 1695 Cardinalitiam
585 1633 784 1707 renunciavi,
796 1637 893 1696 Pater
901 1637 1029 1712 Sancte;

64 1733 101 1791 et
121 1746 191 1788 mea
212 1727 366 1786 abdicatio
380 1727 522 1787 absoluta
543 1727 606 1786 fnit
627 1731 661 1786 et
682 1731 844 1805 perpetua.
862 1731 959 1790 Deum
973 1749 1031 1790 au·

66 1828 134 1883 tem
151 1824 263 1881 testem
287 1821 399 1880 invoco
425 1822 464 1881 ab
488 1839 630 1898 ecquam
653 1821 747 1898 longe
768 1821 904 1882 abfuisse
925 1842 1031 1900 quam·

66 1916 118 1976 vis
140 1915 217 1974 licet
238 1918 360 1974 remota
385 1914 570 1974 adhaesione
598 1933 667 1973 mea
691 1915 849 1974 Gubernio
871 1916 1011 1976 invasori
1021 1964 1035 1991 ,.

67 2012 123 2072 vel
138 2012 357 2071 sistematibus
370 2010 520 2086 temporis
535 2009 635 2069 illins:
649 2009 743 2068 immo
758 2009 854 2070 etiam
870 2013 1029 2073 constanti

66 2122 141 2164 mea
155 2103 266 2180 agendi
289 2102 412 2162 ratione
434 2106 467 2163 et
488 2105 562 2161 tunc
584 2105 619 2162 ct
640 2104 746 2178 postea
767 2103 805 2161 ab
827 2103 876 2183 his
898 2105 949 2164 vel
965 2123 1031 2166 ma-

66 2199 154 2256 xime
181 2197 318 2257 alienum
346 2214 394 2255 me
423 2196 555 2256 ostendi.
586 2197 724 2256 Necdum
754 2196 851 2256 sacris
880 2199 1033 2258 Cardine·

67 2291 149 2349 lium
171 2289 310 2366 personis
331 2288 449 2349 iniuria
464 2289 515 2347 v'el
527 2287 717 2348 contumelia
731 2288 823 2348 illata
834 2288 951 2362 fuerat,
963 2308 1032 2350 cum

67 2382 242 2459 improviso
263 2382 402 2442 monitus
423 2382 468 2440 fui
483 2401 501 2441 a
516 2383 585 2442 viro
607 2382 654 2442 rei
675 2382 815 2458 apprime
836 2383 969 2457 conscio,
983 2402 1033 2443 me

68 2475 257 2554 quantocius
278 2476 533 2552 comprehensum
556 2475 597 2533 iri
619 2475 698 2534 etin
714 2493 855 2535 carceres
876 2477 1035 2536 abducen-

70 2569 147 2628 dum
168 2567 255 2640 fore‚
277 2567 349 2626 inde
380 2585 454 2627 vero
484 2567 626 2626 omnibns
648 2567 725 2626 meis
748 2567 836 2627 bonis
863 2570 1034 2646 spoliatum

71 2664 110 2723 in'
131 2664 334 2740 longinquam
359 2662 518 2740 regionem
551 2681 615 2721 esse
643 2663 880 2739 deportandum.
909 2664 1035 2723 Timore

71 2757 198 2834 egentis
213 2760 247 2817 et
260 2755 396 2816 infelicis
411 2756 515 2829 vitae,
532 2755 635 2815 fateor
649 2758 683 2815 et
698 2755 842 2828 declaro,
859 2756 956 2815 solum
978 2757 1035 2816 hcc

72 2853 189 2912 timore
210 2853 361 2911 adductus
382 2850 439 2924 fui,
455 2853 492 2910 ut
512 2850 700 2923 abdicarem
716 2849 961 2926 quandoquidem
980 2869 1037 2909 no-
1101 2861 1105 2870 “

71 2947 159 3007 visse
180 2944 271 3021 potui
293 2944 414 3003 nullum
436 2960 597 3020 superesse
619 2943 754 3004 medium
776 2943 966 3002 subducendi
987 2961 1037 3002 me

72 3061 92 3102 a
107 3038 263 3117 praedicti
286 3037 409 3097 consilii
424 3036 643 3122 exequutione,
659 3055 751 3113 qnam
767 3037 804 3095 ut
817 3035 879 3096 iam
901 3036 1035 3113 amplius

73 3130 254 3195 Cardinalis
277 3148 335 3188 non
358 3149 466 3190 essem.

137 3225 224 3282 Tunc
246 3240 306 3281 non
329 3220 555 3295 animadverti,
578 3217 804 3282 advertendum
826 3223 931 3281 tamen
953 3224 1037 3294 erat,

18 3367 19 3397 ÷
73 3333 168 3394 quam
189 3314 282 3375 facile
305 3315 524 3376 cardinalatus
554 3312 710 3373 abdicatio
739 3314 771 3372 in
797 3315 865 3374 illis
887 3313 1039 3374 Guberuii

73 3413 109 3470 et
122 3405 320 3470 sistematum
336 3407 584 3469 circumstantiis
596 3401 688 3467 causa
699 3408 843 3468 scandalo
857 3428 924 3470 esse
935 3411 1040 3487 posset

74 3501 201 3581 pusillis
222 3505 256 3582 et
276 3502 394 3575 dubiis,
411 3501 564 3579 triumphi
579 3504 684 3562 autern
706 3503 826 3561 occasio
846 3503 1040 3563 alterutrius

21 3665 22 3670 η
76 3597 304 3656 sectatoribus:
329 3598 444 3656 etenim
473 3595 629 3656 abdicatio
649 3612 668 3653 a
690 3593 800 3670 primis
828 3597 951 3672 quidem
973 3595 1040 3654 illis

177 3716 236 3767 Vol.
253 3717 298 3767 ΙΙ.
918 3720 948 3767 17
