2632 4262
109 326 241 386 teautur
256 329 320 386 tam
344 342 456 404 magno
477 325 581 385 animo
596 323 690 384 fuisse
704 323 807 396 Pium,
833 327 869 383 ut
890 339 981 400 pares
995 341 1072 401 pau-

108 439 187 497 cos,
210 422 401 500 superiorem
429 420 576 482 habuerit
598 419 763 480 neminem.
786 419 836 480 Sit
857 437 893 479 ea
914 421 983 480 tota
1003 419 1072 479 laus

109 515 144 573 et
165 531 284 574 summo
306 514 454 592 Principe
474 512 671 592 dignissima,
694 517 728 574 et
748 527 784 574 ea
806 512 850 573 sic
870 513 947 572 Pius
968 511 1073 572 excel-

110 607 230 682 luerit,
254 611 372 668 utnon
401 609 491 668 modo
513 608 690 684 complures
713 606 814 682 alios,
841 623 950 666 verum
976 605 1072 666 etlam

110 717 145 761 se
172 701 238 778 ipse
266 700 354 761 visus
381 700 481 760 fuerit
508 713 683 776 superasse.
711 701 777 762 Noc
808 699 890 759 enim
915 696 1071 758 minuendi

111 811 224 858 caussa
251 814 302 855 res
331 809 466 855 summas
488 794 789 872 praetermittendas
816 811 884 854 csse
910 793 988 853 mihi
1010 793 1075 853 sta-

112 888 175 950 tui.
198 890 258 949 Sed
281 888 307 949 si
329 907 399 948 cum
419 890 478 948 hac
499 888 715 966 magnitudine
736 888 832 947 animi
854 887 1071 960 conferuntur,

111 1001 175 1060 qua
203 1000 253 1042 res
281 982 440 1042 Ecclesiae
467 981 648 1044 Catholicae
678 983 823 1041 Summus
844 981 993 1042 Pontifex
1018 998 1074 1058 ag·

112 1094 239 1154 gressus
261 1079 332 1150 est,
361 1093 415 1135 eae
438 1076 544 1136 laudes
574 1077 611 1135 ab
636 1076 707 1150 his,
728 1093 804 1154 quas
825 1077 864 1136 ob
884 1076 1016 1137 collatas
1040 1075 1072 1134 in

112 1169 213 1246 ipsam
236 1187 327 1229 curas
341 1173 374 1228 et
389 1167 617 1229 sollicitudines
637 1172 845 1246 consequutus
866 1172 927 1240 est,
944 1169 991 1228 ita
1004 1169 1073 1228 viu·

110 1267 249 1336 cuntur,
272 1281 308 1324 ac
330 1263 550 1340 propemodum
572 1267 763 1323 evanescunt
774 1307 784 1339 ,
808 1266 844 1322 ut
864 1262 985 1322 oriente
1007 1262 1073 1322 sole

111 1355 255 1432 reliquus
277 1355 376 1414 omnis
398 1355 533 1416 aliorum
557 1355 693 1416 sidorum
716 1357 821 1434 fulgor
842 1356 984 1429 excedit,
1008 1357 1074 1433 pla·

111 1467 214 1526 neque
235 1447 359 1508 occidit.
380 1451 425 1509 Ac
447 1449 562 1508 vellem
583 1450 723 1526 equidem
746 1453 870 1510 tantum
891 1449 968 1508 mihi
990 1453 1074 1510 esset

111 1544 152 1602 ad
175 1543 338 1602 dicendum
360 1541 523 1602 facultatis
545 1544 578 1600 ει
599 1543 770 1620 temporis,
793 1545 943 1620 quantum
965 1557 1072 1603 rerum

111 1635 271 1713 dignitas,
296 1637 329 1696 et
351 1635 524 1712 amplitudo
545 1635 734 1710 postularet.
759 1635 818 1695 Sed
840 1636 961 1713 quando
983 1639 1016 1694 et
1036 1651 1073 1695 ea

111 1730 163 1790 vis
184 1729 300 1790 doloris
321 1732 381 1802 est,
404 1747 482 1806 quae
505 1745 571 1787 sese
593 1727 734 1806 singultu
756 1729 867 1806 magis,
890 1747 981 1806 quam
1002 1745 1074 1790 ora·

112 1825 198 1885 tione
221 1825 353 1901 prodere
374 1823 552 1896 desideret;
582 1839 638 1882 nec
659 1823 760 1883 maius
781 1825 930 1900 quoddam
954 1823 1017 1882 iter
1038 1841 1074 1883 ac

111 1917 239 1995 dignius
260 1921 351 1976 tanto
365 1917 519 1976 Pontifioe
541 1935 701 1993 capessere
724 1919 762 1976 ob
783 1917 946 1994 angustias
967 1933 1074 1993 possu·
1134 1967 1141 1974 .

112 2029 200 2086 ιιιιιε;
223 2029 283 2069 nou
307 2013 372 2070 tam
395 2028 446 2069 res
468 2027 625 2081 summas,
648 2028 740 2086 quam
762 2027 882 2070 summa
902 2009 1072 2070 earundem

111 2104 220 2182 capita
240 2119 419 2180 persequar.
442 2103 508 2163 Neo
534 2101 616 2161 enim
646 2103 807 2180 quisquam
836 2106 885 2162 est
905 2093 1071 2174 vestrum,

111 2201 226 2261 Patres
247 2196 445 2275 amplissimi,
468 2197 520 2274 qui
543 2197 605 2257 iam
627 2197 699 2256 inde
720 2198 758 2257 ab
780 2215 815 2257 eo
838 2199 996 2272 tempore,
1013 2213 1073 2272 quo

110 2293 189 2354 Pius
211 2293 328 2351 Sextus
356 2290 505 2350 Pontifex
532 2291 688 2350 Maximus
716 2291 892 2368 appellatus
918 2293 989 2362 est,
1012 2305 1072 2347 non

111 2385 234 2446 viderit
258 2388 361 2444 atram
390 2383 479 2444 illam
508 2387 771 2462 consurgentem,
793 2402 966 2462 magnaque
994 2382 1072 2442 caeli

111 2487 204 2560 parte
226 2485 450 2558 pervagantem
474 2481 604 2552 nubem,
629 2499 645 2539 e
666 2497 728 2557 qua
748 2482 837 2542 ferox
857 2481 920 2541 ista
934 2479 1074 2557 procella

112 2579 267 2650 eruptura
286 2577 378 2642 erat,
401 2591 479 2650 quae
506 2577 539 2633 et
565 2574 745 2648 Ecclesiae,
767 2578 800 2634 et
821 2574 912 2634 bonis
933 2573 1074 2634 omnibus

111 2671 257 2728 extrema
270 2684 414 2742 ,quaeque
436 2666 520 2726 mala
540 2669 574 2726 et
594 2666 742 2727 minitata
763 2671 829 2740 est,
852 2670 885 2726 et
906 2665 1001 2726 etiam
1024 2669 1074 2726 at-

112 2761 202 2822 tulit.
227 2753 441 2834 Sunt-adhuc,
464 2761 558 2836 atque
581 2762 617 2820 ut
637 2760 690 2819 diu
712 2762 776 2820 siut
797 2760 1017 2836 percupimus,
1040 2759 1073 2818 in

111 2856 170 2914 hoc
191 2853 424 2931 Angustissimo
445 2859 554 2912 vestro
575 2853 704 2925 ordine,
727 2853 780 2929 qui
803 2873 861 2912 non
888 2851 974 2911 aliud
997 2849 1075 2910 obii·

112 2948 256 3008 ciendum
270 2946 366 3006 fuisse
384 2950 434 3007 tot
453 2949 528 3006 tuuc
545 2945 967 3022 impendentibuspericulis,
980 2961 1073 3021 quam

111 3041 163 3101 Pii
179 3040 268 3100 Sexti
284 3043 393 3116 pectus
408 3039 588 3114 statuistis;
604 3055 735 3116 quorum
751 3056 842 3115 quam
859 3055 968 3116 grave,
981 3054 1072 3115 quam

112 3135 244 3204 iustum,
268 3150 359 3210 quam
382 3132 590 3192 necessarium
612 3131 711 3191 fuerit
731 3131 896 3205 iudicium,
913 3134 983 3192 tota
1003 3149 1074 3191 oon-

113 3226 238 3303 sequuti
261 3226 412 3302 temporis
434 3226 516 3286 ratio
539 3224 723 3286 declaravit.
741 3225 823 3284 Illud
842 3243 918 3302 ergo
933 3225 1075 3285 restabat

111 3320 352 3397 agnoscendum,
376 3337 413 3378 au
436 3321 519 3378 esset
539 3318 644 3394 reipsa
661 3317 736 3377 Pius
756 3318 913 3379 allaturus
935 3319 1073 3380 animum

112 3415 150 3473 ad
176 3413 331 3473 instantia
355 3411 496 3489 pericula
521 3429 627 3490 parem
648 3411 699 3486 ei,
722 3430 813 3489 quam
840 3413 946 3472 afferri
974 3413 1012 3472 ab
1037 3429 1073 3472 eo

111 3527 202 3587 posse
224 3506 433 3568 iudicavistis.
