2582 4270
62 409 155 467 psum
177 389 348 450 iuramenti
370 391 463 450 civici
484 393 696 468 contemptum
723 409 937 465 censurarum,
960 393 1030 470 qui·

63 486 124 542 bus
145 484 329 560 implicuere
352 503 396 558 se,
420 487 635 559 addiderunt,
658 505 769 564 easque
791 487 955 546 subsecuto
975 505 1029 546 or-

62 579 174 635 dinum
197 578 350 638 exercitio
371 579 554 651 violarunt,
577 583 633 640 aut
654 581 745 656 plane
767 579 1029 640 exstiteruntin-

63 671 173 742 trusi,
196 671 338 731 decernit
360 673 583 733 sanctissimus
607 675 755 733 Dominus
775 675 915 746 Noster,
935 675 972 732 ut
991 673 1027 746 ii,

64 766 269 841 posteaquam
292 767 505 842 poenitentiae
527 767 758 844 signaminime
773 767 867 826 dubia
880 766 1031 826 exhibue-

64 857 154 929 rint,
177 849 353 936 totumque
374 861 428 932 id,
459 861 537 936 quod
580 879 676 938 supra
707 861 933 938 praescriptum
962 862 1029 926 est,

65 952 248 1028 explerint‚
272 953 310 1011 ab
333 953 504 1030 episeopis,
528 959 583 1013 aut
604 972 709 1012 eorum
733 953 859 1012 vicariis
880 951 1029 1011 similiter

66 1063 84 1102 a
106 1044 247 1103 censuris
268 1044 391 1121 quidem
414 1047 683 1122 absolvi'q‘ueant3
701 1049 752 1106 sed
767 1046 839 1106 vult
853 1049 1028 1122 praeterea,

66 1141 104 1195 ut
126 1138 157 1194 in
180 1156 308 1212 poenam
330 1139 515 1198 violationis
529 1157 744 1212 censurarum,
761 1145 816 1200 aut
830 1138 1027 1210 intrusionis,

64 1235 234 1306 antequam
255 1231 412 1308 Episcopi,
433 1251 581 1292 eorumve
598 1235 719 1292 Vioarii
733 1237 771 1294 ad
786 1233 1027 1309 dispensandum
1083 1221 1085 1224 ¹

63 1326 97 1382 in
120 1326 363 1402 irregularitate
378 1330 635 1404 progrediantur,
652 1329 814 1404 aliquanto
833 1333 975 1403 tempore
990 1327 1029 1386 ab

64 1419 177 1478 iisdem
198 1421 368 1497 Episcopis,
385 1427 440 1482 ant
455 1423 591 1482 Vioariis
612 1427 772 1482 moderate
787 1422 972 1490 definiendo,
991 1421 1028 1480 ab
1099 1486 1101 1490 ,

65 1512 210 1570 ordinum
233 1513 386 1572 exercitio
408 1515 547 1591 suspensi
570 1520 727 1576 maneant.

130 1608 179 1680 15.
197 1609 294 1666 Porro
317 1611 572 1684 quemadmodum
595 1609 734 1685 praefixa
756 1609 816 1669 iam
840 1608 894 1666 lex
915 1613 974 1676 est,
992 1609 1027 1665 ut

65 1718 173 1759 omnes
195 1702 369 1778 regulares,
392 1703 445 1779 qni
467 1719 506 1760 ex
528 1703 632 1763 Gallia
653 1703 843 1780 migrarunt,
860 1701 896 1761 ad
919 1701 1030 1759 Mona-

65 1795 166 1854 steria
183 1796 235 1855 vel
257 1797 437 1856 Conventus
452 1815 483 1855 se
499 1791 640 1855 referant
654 1815 761 1856 eorum
777 1796 940 1866 Ordinum,
953 1809 1028 1869 qnos

66 1887 128 1962 ipsi
150 1885 283 1962 professi
305 1892 391 1957 sunt,
414 1889 531 1948 idcirco
552 1907 676 1966 operam
698 1892 773 1948 dent
793 1885 1028 1962 Archiepisoopi
1056 1939 1057 1943 ,

66 1988 100 2042 et
121 1984 276 2060 Episcopi,
300 1989 336 2044 ut
357 2003 391 2042 re
414 2003 482 2044 oum
509 1987 729 2062 Superioribus
751 1985 945 2060 singulorum
972 1983 1029 2040 Or-

66 2078 174 2136 dinum
197 2079 434 2150 communicata,
450 2080 479 2138 id
497 2081 631 2140 sollicite
653 2083 800 2140 servetur
815 2078 1026 2155 perfecteque,

69 2171 94 2228 si
108 2171 178 2246 quis
192 2171 286 2243 forte,
296 2171 348 2247 qui
364 2174 498 2230 nondum
514 2174 762 2245 obsecundasset,
776 2174 806 2231 in
823 2189 930 2230 eorum
946 2169 1029 2226 dioe-

68 2265 190 2322 cesibus
212 2265 420 2340 reperiretur.
444 2267 675 2326 Convenienter
703 2267 774 2326 huic
803 2265 932 2342 regulae
953 2263 1030 2322 deli-

67 2359 179 2416 berata
199 2362 247 2416 est
269 2359 465 2418 Sanctissimi
488 2361 594 2420 Patris
617 2362 775 2420 voluutas.

130 2451 179 2512 16.
197 2454 240 2512 Ut
261 2469 317 2527 pro
339 2452 545 2524 admissione,
573 2471 642 2511 cum
671 2457 746 2512 nota
766 2453 809 2512 sit
830 2447 936 2510 eorum
959 2467 1029 2508 oon-

68 2545 166 2615 ditio,
191 2544 268 2602 nihil
290 2544 438 2620 pecuniae
459 2546 545 2622 exigi
568 2545 676 2622 possit,
699 2563 796 2622 neque
824 2562 879 2621 pro
904 2542 1026 2620 primis,

68 2640 104 2695 ut
126 2636 158 2694 in
181 2655 237 2696 usu
259 2641 319 2708 est,
337 2637 492 2713 expensis,
509 2657 607 2714 neque
629 2658 668 2698 ex
689 2639 898 2716 assignatione
913 2653 1029 2696 annuo-

67 2745 137 2790 rum
159 2729 337 2806 cuiusquam
360 2731 530 2790 redituum.
553 2734 668 2791 Verum
689 2731 867 2808 superiores
888 2727 1027 2788 cuiusvis

66 2823 252 2882 Monasterii
272 2828 329 2882 aut
349 2825 528 2885 Conventus
550 2827 692 2885 fraterna
712 2825 868 2884 charitate
890 2821 1029 2880 modera-

66 2917 210 2992 tioneque
233 2917 401 2994 religiosa,
425 2921 461 2978 de
483 2920 603 2978 vestitu
626 2921 778 2994 rebusque
800 2917 890 2988 aliis,
914 2913 1026 2992 quibus

65 3015 159 3087 egent
180 3011 213 3070 hi
234 3013 395 3080 advenae,
418 3014 525 3071 eodem
551 3012 618 3072 illis
646 3013 833 3088 provideant
854 3011 966 3082 modo,
990 3027 1027 3068 ao

65 3104 137 3165 aliis
158 3103 361 3180 quibuslibet,
385 3105 437 3180 qui
460 3107 496 3164 de
519 3105 681 3182 Religiosa
701 3104 837 3165 Familia
856 3109 939 3175 sunt,
956 3119 1028 3179 pro·

66 3199 172 3256 ridere
185 3199 300 3270 solent;
313 3197 339 3256 si
352 3203 468 3270 tamen,
478 3201 557 3274 qnod
571 3199 793 3274 praesumitur,
804 3217 864 3258 non
876 3197 1027 3256 omittant

65 3291 124 3366 ipsi
146 3309 266 3366 quoqne
282 3292 419 3368 hospites
434 3309 474 3350 ex
489 3297 579 3368 parte
601 3309 657 3350 sua
671 3292 867 3351 conformare
881 3309 913 3350 se
928 3288 1028 3365 appli-

65 3385 187 3444 catione
209 3385 373 3444 missarum
397 3389 433 3445 ad
456 3387 671 3445 introductum
694 3386 849 3457 ordinem,
873 3401 963 3461 quem
989 3383 1025 3441 de

66 3479 265 3551 monasterio,
287 3479 337 3538 vel
361 3485 517 3540 conventu
540 3484 650 3540 tenent
671 3481 739 3554 alii,
755 3480 786 3538 in
802 3497 934 3557 quorum
955 3483 1027 3536 oon-

67 3572 152 3632 rictu
173 3574 259 3630 sunt.
