2606 4268
681 347 718 360 -
739 315 781 376 52
803 347 840 359 ..

271 423 392 483 nullum
414 423 511 481 alium
533 420 653 498 possint
682 421 903 480 contrahentes
924 420 1010 480 adire
1033 435 1124 495 quam
1147 435 1243 495 paro-

271 517 363 577 chum
385 515 555 575 iuramenti
582 519 638 574 aut
658 514 882 574 communionis
903 513 1117 574 schismaticae
1140 529 1242 587 reum,

272 609 393 687 pariter
415 608 541 680 valida,
566 607 688 684 quoties
710 609 771 666 duo
793 607 904 666 saltem
936 610 1033 667 testes
1061 610 1244 683 praesentes
1286 664 1287 726 1

272 701 404 773 fuerint,
421 705 454 761 et
476 702 628 779 parochus
651 700 817 777 proprius,
844 699 912 758 sive
934 704 1064 777 propter
1084 700 1244 759 iuramen-
1286 743 1287 786 p

274 799 354 869 tum,
377 795 445 855 sive
467 795 577 872 quavis
598 795 662 854 alia
683 811 723 853 ex
744 811 837 852 causa
858 793 1019 852 schismati
1041 793 1242 864 adhaeserit3
1286 797 1287 816 ²

273 893 442 950 monendos
468 896 572 950 tamen
602 893 635 949 et
661 888 830 948 hortandos
863 905 929 947 esse
954 887 1101 965 coniuges
1125 890 1161 946 ut
1187 905 1243 946 su-

272 1001 330 1061 pra
352 982 407 1063 (1).

696 1180 802 1236 xlv.

636 1301 774 1345 nrnnorrs
796 1301 887 1344 rinus

498 1438 704 1498 CAPITULO
725 1438 778 1497 ΕΤ
804 1437 1019 1498 OANONIGIS

436 1595 641 1658 cathedralis
661 1595 825 1657 Ecclesiae
847 1593 1081 1656 Camborioasis

510 1760 670 1841 PIUS
714 1762 894 1840 ΡΑΡΑ
940 1762 1007 1839 VI.

395 1947 531 2006 Dileote
552 1947 634 2018 Fili,
656 1947 808 2005 Salutem
830 1951 865 2004 ct
885 1945 1121 2016 Apostolioam
1168 1955 1171 1960 '

607 2041 906 2099 Benedictionem.

336 2198 381 2256 Ex
406 2195 526 2255 litteris
549 2195 665 2254 vestris
697 2195 829 2254 Taurini
858 2194 940 2254 datis
969 2193 1068 2271 pridie
1097 2192 1242 2253 calendas

274 2290 412 2366 Augusti
434 2289 526 2348 huius
548 2289 634 2360 anni,
651 2293 834 2365 perceptum
856 2293 937 2348 esta
955 2289 1051 2350 Nobis
1070 2291 1163 2348 tanta
1176 2287 1243 2362 qui·

275 2383 368 2455 dem,
395 2384 513 2457 quanta
534 2381 590 2440 vix
612 2381 674 2439 dici
696 2385 802 2457 potest
822 2382 917 2441 animi
940 2381 1050 2442 Nostri
1073 2380 1239 2451 molestia,

275 2473 465 2551 gravissima
497 2473 589 2534 illata
611 2473 694 2532 mala
715 2472 836 2534 illustri
857 2473 1070 2536 Gamberiensi
1091 2473 1241 2532 ecclesiae

274 2565 370 2626 fuisse
392 2567 430 2627 ab
445 2566 550 2643 impiis
572 2567 761 2640 hominibus,
777 2567 829 2644 qui
851 2567 930 2626 nihil
945 2567 1061 2626 hahent
1082 2566 1241 2643 antiquius

275 2678 367 2737 quam
382 2659 565 2736 religionem
579 2677 630 2718 sus
643 2661 739 2736 deque
751 2664 888 2734 vertere,
903 2659 1143 2719 dominationem
1158 2676 1243 2737 sper·

276 2771 362 2830 nere,
379 2755 473 2830 atque
488 2751 685 2812 maiestatem
701 2753 927 2830 blasphemare3
943 2770 1136 2830 summopere
1152 2771 1240 2831 prae·

276 2853 365 2910 terea
395 2847 493 2908 animi
513 2847 622 2906 dolore
655 2847 760 2907 affecti
782 2846 898 2906 fuimus
924 2863 994 2906 cum
1022 2845 1240 2906 intelleximus

283 3045 286 3049 -
335 3015 370 3070 (l)
389 3014 435 3061 (tes
451 3011 570 3070 rdponses
593 3011 628 3058 du
649 3010 811 3070 saint-Sitne
836 3009 968 3062 adresstes
985 3011 1000 3058 t
1016 3013 1051 3060 M.
1069 3011 1191 3072 1=nvequ0
1211 3012 1241 3061 de

275 3089 385 3148 Geneve,
397 3091 435 3136 les
452 3091 540 3136 iurent
551 3102 583 3136 en
592 3087 764 3147 memo-temps
774 3088 790 3135 t
799 3091 832 3135 Μ.
844 3087 1071 3148 1¹Aronovequede
1082 3092 1239 3148 Turentaise,

274 3167 299 3212 ot
315 3165 330 3211 t
346 3168 404 3213 Mhi.
419 3165 457 3212 les
474 3163 727 3222 Vicaires-gtntraux
744 3164 778 3211 du
795 3163 899 3213 nioosso
920 3165 950 3213 de
968 3163 1111 3225 chambtry
1126 3166 1151 3214 le
1168 3165 1241 3213 Silro

273 3242 374 3295 vacant,
393 3240 437 3297 qui
453 3240 556 3286 avoient
566 3240 672 3298 proposd
684 3240 721 3286 les
732 3237 825 3286 mimos
837 3241 976 3298 questions.
989 3243 1059 3288 Dans
1068 3242 1107 3288 les
1117 3239 1240 3300 rsponses

274 3315 309 3362 dn
324 3315 490 3376 scint-Silue,
506 3318 526 3364 il
539 3319 584 3375 n’y
595 3332 610 3365 a
622 3317 652 3364 de
663 3315 798 3366 diffdrence
815 3330 863 3374 que
881 3315 946 3365 dans
962 3319 986 3365 le
1002 3317 1158 3377 prtamhnle.
1170 3320 1241 3366 Nous

274 3404 339 3438 nous
356 3405 465 3451 croyons
482 3391 577 3451 obligds
593 3392 714 3440 d'cvcrtir
736 3404 784 3448 que
808 3404 873 3438 nous
891 3405 972 3440 avons
988 3392 1116 3452 supprime
1132 3407 1182 3440 une
1200 3393 1241 3441 de·

274 3467 365 3515 mande
382 3481 444 3516 cvec
460 3481 489 3516 sa
505 3467 619 3528 reponse.
638 3473 686 3516 Les
696 3453 891 3515 ¹circonstanoes
908 3471 1051 3528 exigeoient
1067 3469 1098 3515 dc
1114 3483 1179 3517 nous
1196 3471 1241 3516 im·

273 3543 457 3604 perieusement
473 3559 501 3592 oe
518 3545 640 3602 sacrifice,
653 3546 746 3603 auquel
761 3557 826 3592 nous
844 3545 935 3592 avions
953 3544 992 3592 oto
1003 3546 1134 3594 d’cillenrs
1144 3544 1240 3594 invitds

275 3620 376 3680 parles
393 3619 514 3668 autoritls
530 3620 568 3667 les
585 3621 643 3680 plus
659 3621 835 3679 respectables.
855 3618 930 3684 (Not.
948 3618 1025 3669 Edit.
1040 3635 1083 3669 aa.
1097 3619 1181 3682 1800.)
