2606 4268
461 257 642 318 -139-

67 362 152 439 pulis
173 361 245 422 hinc
268 363 339 424 inde
361 363 579 440 circumactis3
596 366 676 424 unde
694 364 811 424 Paulus
833 383 893 424 non
915 366 952 424 de
975 364 1036 424 sin·

68 454 151 531 gulis
173 455 386 533 principibus,
409 459 461 517 sed
485 454 521 516 de
543 474 577 516 re
599 457 667 533 ipsa
688 457 832 534 loquens,
856 457 1034 534 dicitquod

67 551 164 609 nulle
191 559 237 610 cst
256 559 396 626 potestas
416 552 485 610 nisi
496 569 517 611 a
531 551 606 622 Deo,
624 552 767 627 quodque
782 553 841 628 qui
854 554 886 611 ei
898 553 1031 623 resistit,

67 641 130 702 Dei
150 644 362 706 ordinationi
382 649 524 706 resistit:
541 646 638 705 nolite
653 663 775 716 errare,
792 644 851 704 filii
866 645 1033 712 carissimi,

67 731 116 794 ac'
132 737 189 796 snb
217 737 347 814 pietatis
373 741 476 799 colore
506 739 687 798 novitatum
713 739 896 798 auctoribus
929 756 1033 799 ansam

67 830 219 907 praebere
249 832 434 892 catholicam
464 832 650 910 religionem
678 832 893 909 vituperandi.
923 834 957 892 In
979 851 1034 891 vos

67 925 182 1003 quippe
204 928 322 1003 grande
344 927 445 986 scelus
473 927 690 1003 susciperetis,
712 929 791 1004 quod
814 945 873 986 non
896 928 995 986 solum
1017 945 1035 985 a

67 1019 282 1095 potestatibus
296 1021 508 1080 saecularibus
528 1020 747 1089 ulcisceretur,
764 1019 938 1092 sedetiam,
954 1021 1034 1096 quod

67 1113 241 1172 maximum
269 1117 336 1186 est,
359 1117 441 1174 Deus
470 1132 530 1174 non
561 1114 646 1173 leves
668 1115 719 1172 sed
750 1113 902 1172 maximas
922 1131 1035 1190 poenas

66 1210 242 1283 repeteret,
266 1211 324 1285 qui
345 1210 433 1268 enim
453 1211 606 1284 potestati
627 1211 794 1279 resistunt,
812 1209 876 1283 ipsi
896 1210 958 1267 sihi
978 1209 1036 1267 dur

64 1301 271 1359 metationem
293 1303 482 1377 acquirunt.
498 1302 671 1360 Hortamur
693 1300 798 1376 itaque
821 1317 886 1370 vos,
911 1299 970 1358 filii
987 1300 1036 1358 di-

66 1393 249 1464 lectissimi,
264 1410 319 1469 per
340 1395 441 1452 Iesum
463 1393 625 1453 Christum
641 1393 805 1453 Dominum
828 1397 983 1464 nostrum,
1001 1397 1037 1452 ut

66 1485 153 1546 omni
175 1486 279 1546 studio
300 1487 444 1562 omnique
473 1487 642 1546 alacritate
663 1492 697 1546 et
717 1487 917 1546 contentione
937 1484 1036 1562 impe-

66 1579 216 1639 rantibus
237 1580 362 1657 obsequi
384 1581 549 1640 studeatis.
574 1581 626 1640 Sic
646 1579 729 1639 enim
751 1599 770 1638 a
790 1579 878 1638 vobis
899 1581 961 1638 Deo
984 1581 1037 1637 de·

67 1671 170 1730 bitum
193 1673 407 1748 praestabitur
428 1673 621 1750 obsequium,
637 1691 672 1732 ac
697 1672 747 1732 illi
763 1674 967 1732 orthodoxam
984 1689 1036 1730 re-

66 1763 218 1841 ligionem
240 1768 278 1826 ad
300 1767 406 1844 legum
429 1767 570 1826 civilium
597 1767 793 1826 eversionem
816 1766 943 1825 minime
965 1783 1037 1824 con·
1079 1785 1081 1791 ·

66 1860 217 1920 stitutum
246 1877 311 1918 esse
333 1860 433 1937 magis
460 1861 620 1936 magisque
642 1861 883 1938 intelligentes,
907 1860 944 1918 ad
967 1877 1035 1918 eam

67 1950 234 2010 fovendam
264 1953 471 2028 tuendamque
503 1971 560 2030 per
585 1952 821 2028 implementum
856 1952 1033 2011 divinorum

66 2053 310 2121 praeceptorum
331 2050 365 2106 et
385 2049 505 2108 cultum
521 2032 751 2106 ecclesiasticae
766 2046 951 2122 disciplinae
965 2044 1037 2105 alli-

66 2140 207 2198 cientur.
222 2141 360 2218 Denique
382 2161 438 2201 vos
458 2142 592 2202 monitos
614 2141 771 2214 volumus,
795 2144 830 2198 ut
851 2139 1035 2215 quicumque

66 2231 246 2309 oppositam
268 2233 445 2294 doctrinam
468 2235 689 2313 evulgaverit,
711 2237 868 2310 tamquam
897 2233 935 2292 ab
957 2234 1038 2308 hpo·

67 2325 183 2384 stolica
205 2327 262 2385 hac
284 2328 362 2386 Sede
384 2327 548 2400 traditam,
565 2328 682 2388 nullam
700 2327 790 2386 tidem
811 2326 963 2386 habeatis:
981 2343 1037 2384 vo·

66 2419 181 2496 bisque
203 2421 415 2496 Apostolicam
438 2425 661 2498 paternamque
683 2421 937 2480 Benedictionem
967 2437 1035 2496 per·

67 2519 217 2575 amanter
238 2515 450 2592 impertimur.

131 2611 249 2669 Datum
270 2611 400 2683 Romae,
423 2612 502 2687 apud
526 2611 559 2670 S.
575 2609 706 2670 Mariam
730 2608 893 2680 Maiorem,
909 2609 965 2667 sub
980 2627 1036 2667 an-

67 2701 147 2761 nulo
170 2701 353 2776 Piscatoris,
374 2703 425 2762 die
439 2704 467 2762 V
489 2703 562 2763 lulli
583 2703 803 2774 MDOOXOVI,
826 2701 1034 2762 Pontificatus

67 2795 184 2856 Nostri
207 2813 288 2854 anno
309 2797 412 2856 XXII.

444 2888 486 2948 R.
510 2885 607 2947 θανά.
624 2886 803 2946 Brascbius
816 2885 854 2946 de
867 2886 1031 2948 Honestis.
