2582 4270
17 433 90 510 Epo
112 433 152 493 N.
170 437 399 493 constitutioni
420 435 611 507 apostolicae
625 433 813 494 Innocentii
833 435 869 492 X
884 435 982 495 datae

15 528 70 588 dic
92 528 133 585 31
151 526 238 586 Maii
257 528 352 600 1653,
386 537 416 588 ct
444 531 673 588 constitutioni
703 530 893 588 Alcmondri
919 530 986 589 VII

15 624 118 682 datae
142 623 183 681 16
210 622 350 682 Octobris
376 621 460 680 1656
481 622 685 680 Summarum
705 623 905 701 Pontificum
932 642 982 684 mc

17 719 166 788 subiicio,
184 724 215 776 ct
229 718 374 793 qninqnc
393 719 628 791 propositiones
649 733 691 774 coe
714 715 857 776 Cornelii
870 717 983 777 Ianse-

15 811 72 867 nii
95 811 193 880 libro,
217 811 271 868 cni
291 826 408 868 nomen
428 809 647 886 Augustinus,
671 818 857 886 eeccerptos,
887 819 918 870 ct
945 814 982 870 in

19 919 118 960 sensn
139 904 179 960 ab
201 903 308 962 codem
331 910 461 961 auctora
484 904 622 974 intento,
643 911 741 978 prout
762 905 837 962 illos
855 920 914 978 per
934 904 984 962 di·

17 1004 89 1055 ctos
110 999 360 1055 constitutiones
380 995 476 1056 Sedes
497 999 673 1071 apostolico
694 997 887 1067 damnavit,
913 1000 983 1055 sin·

17 1107 93 1149 cero
118 1092 231 1150 animo
252 1091 386 1162 reticio,
407 1108 444 1150 oc
467 1090 585 1149 damno
597 1134 607 1163 ,
627 1099 658 1150 et
679 1093 729 1149 ita
750 1093 833 1151 iuro.
860 1090 913 1150 Sic
933 1108 982 1150 mc

17 1183 108 1244 Dens
129 1191 188 1243 etc.
213 1183 271 1250 Qui
294 1183 376 1242 idem
398 1201 464 1242 mos
485 1183 517 1241 in
533 1184 643 1243 multis
656 1183 778 1243 Galliae
793 1185 984 1243 dioecesibus

17 1265 174 1349 invaluit,
197 1275 359 1354 viguitque
381 1278 498 1349 adhuc;
518 1281 625 1353 estque
647 1279 723 1336 haec
743 1295 830 1337 mens
845 1277 983 1336 Sanctis·

18 1372 94 1432 simi
115 1369 240 1430 Domini
259 1370 381 1442 Nostri,
399 1374 434 1429 ut
448 1369 621 1429 istiusmodi
643 1374 731 1430 actus
749 1375 920 1448 peragatur
934 1389 983 1430 co-

17 1485 90 1526 ram
107 1464 277 1524 Ordinario
291 1463 438 1540 cuiusque
460 1464 645 1534 dioeceseos,
661 1469 718 1524 aut
738 1483 841 1524 coram
857 1465 985 1524 Vicario

16 1558 177 1636 generali,
200 1558 301 1617 aliove
323 1557 394 1616 viro
413 1558 625 1617 ecclesiastico
645 1559 733 1618 auius
754 1559 919 1634 explorata
933 1559 984 1618 do-

14 1653 128 1711 ctrina
150 1656 218 1724 est,
241 1669 331 1726 quem
360 1651 520 1710 Ordinarii
545 1652 611 1710 vice
637 1671 692 1712 sua
719 1654 757 1712 ad
786 1651 817 1710 id
838 1651 984 1729 delegare
1021 1698 1024 1702 .

19 1749 188 1823 poterunt.

81 1842 113 1899 3.
138 1842 181 1900 Ut
203 1857 241 1896 ne
262 1838 311 1898 oui
333 1839 443 1898 horum
465 1840 607 1898 exsulum
623 1859 662 1898 ex
677 1839 809 1901 dioecesi
829 1840 889 1898 sibi
910 1839 987 1900 assi-

15 1939 132 2012 gnata,
155 1933 268 2010 absque
289 1952 437 2011 expressa
457 1933 617 1993 Ordinarii
645 1934 808 2007 facultate,
832 1933 919 1992 exire
940 1933 986 1992 li·

14 2035 104 2100 ceat,
122 2045 220 2104 neque
241 2027 401 2104 quisquam
423 2031 554 2087 Romam
576 2027 683 2086 venire
705 2026 815 2103 possit,
837 2026 903 2085 sina
924 2026 986 2086 lits

17 2123 104 2180 teris
126 2124 318 2179 commeatus
339 2121 378 2180 ab
400 2121 456 2178 hoc
478 2118 650 2178 Secretarii
677 2119 785 2178 Status
807 2117 906 2176 officio
927 2117 986 2176 im·

16 2213 187 2292 petraudis
217 2231 273 2289 per
302 2213 518 2286 ordinarium,
541 2213 596 2272 sub
616 2231 676 2288 quo
703 2211 801 2288 degit.
824 2211 904 2271 Huic
924 2211 985 2287 ipsi

17 2325 101 2368 vero
123 2306 346 2366 Sanctissimae
366 2306 515 2366 Dominus
535 2307 651 2366 Noster
675 2305 820 2381 impertit
847 2309 987 2382 potesta-

16 2405 90 2460 tem
112 2399 296 2471 relaxandi‚
320 2403 414 2476 atque
442 2399 473 2458 in
496 2399 559 2460 alia
581 2399 633 2476 pia
655 2417 749 2476 opera
776 2397 987 2459 commutandi

15 2501 133 2556 votum
155 2494 306 2556 visitandi
328 2512 418 2554 sacra
431 2494 566 2554 Limina.
582 2494 667 2560 Quod
683 2493 707 2552 si
729 2493 798 2570 quis
819 2493 852 2552 in
867 2494 986 2553 alteru-

17 2594 76 2650 tro
100 2607 140 2647 ex
161 2588 222 2661 his,
237 2607 316 2664 quae
330 2589 420 2647 modo
435 2587 539 2648 vetita
553 2591 637 2660 sunt,
653 2587 900 2660 contrafecerit,
916 2605 986 2646 cen·

15 2685 135 2742 seatur
148 2681 304 2758 proomni
326 2685 467 2758 tempore
488 2681 688 2740 renunciasse
709 2679 809 2739 cuivis
833 2680 866 2738 in
892 2682 985 2740 Statu

15 2775 192 2836 Pontificio
214 2775 375 2852 receptui3
398 2793 519 2850 exque
541 2775 631 2851 proin
653 2773 778 2836 auferre
800 2793 831 2833 se
853 2775 987 2851 compen

16 2872 123 2931 letur.
140 2870 366 2929 Immoderatus
387 2872 481 2945 atque
495 2868 661 2945 impatiens
675 2869 819 2944 impetus,
836 2885 896 2944 quo
913 2885 986 2926 non-

16 2963 106 3024 nulli
133 2965 170 3021 ad
192 2962 301 3021 urbem
328 2961 526 3038 metropolim
555 2966 780 3034 accurrerunt,
806 2961 985 3038 generalem

15 3061 104 3120 hanc
123 3074 179 3132 pro
195 3055 337 3115 omnibus
352 3059 540 3132 extorquent
553 3055 670 3132 legam3
686 3073 784 3131 neque
799 3055 850 3114 vir
864 3055 985 3132 sapiens

14 3151 154 3211 eandem
181 3153 238 3209 aut
258 3148 392 3226 rigidam
414 3148 529 3220 nimis,
545 3152 600 3208 aut
620 3147 872 3224 intempestivam
901 3147 986 3208 exis-

15 3243 165 3307 timebit.

86 3339 117 3397 4.
137 3338 171 3398 Si
193 3337 262 3414 quis
284 3355 390 3396 eorum
419 3335 576 3413 proiectus
597 3335 663 3408 sit,
690 3339 746 3396 aut
770 3355 810 3396 ex
831 3335 984 3408 dioecesi,

18 3433 55 3491 in
80 3450 141 3508 qua
162 3431 267 3491 fuerat
287 3433 445 3506 receptur,
461 3431 568 3506 pedem
590 3430 755 3502 extulerit,
771 3431 838 3489 eius
852 3427 990 3488 Ordina-

17 3526 92 3585 rius
113 3523 261 3584 celeriter
276 3523 307 3582 id
329 3525 366 3583 ad
389 3522 600 3582 Secretarium
622 3522 732 3581 Status
753 3521 883 3580 referat.
899 3521 985 3586 Quod

18 3620 126 3696 ipsum
148 3617 354 3692 observetur,
377 3615 404 3676 si
425 3616 494 3692 quis
515 3613 685 3691 oppetierit
709 3618 852 3674 mortem.
875 3614 988 3680 Quam·

861 3721 880 3754 te
