2582 4270
434 305 591 366 ..49-

471 469 546 528 xl.

291 599 467 643 crusrssuno
488 599 581 642 rucio
601 599 738 642 ermom

382 743 653 803 AUGUSTO

219 904 364 981 Maurae
384 902 588 964 Britanniae
608 903 707 978 Reyis
727 901 816 962 Filio

290 1077 437 1176 *Plus
464 1077 603 1156 ΡΑΡΑ
631 1076 699 1153 vr.

235 1267 422 1326 carissime
435 1266 615 1335 Princeps,
630 1267 795 1323 lslutem.

90 1452 159 1518 Quo
181 1451 333 1528 temporis
361 1454 520 1512 momento
548 1451 638 1530 regie
658 1449 817 1511 Celsitudo
847 1457 903 1508 tue
924 1466 999 1525 pro·

27 1547 116 1605 xime
140 1543 248 1604 abhoc
271 1545 346 1604 urbe
368 1543 553 1617 discessura,
577 1546 640 1606 Nos
654 1544 734 1605 adiit
755 1542 845 1602 officii
860 1546 893 1603 et
906 1542 1000 1602 urbe·

28 1638 279 1711 misticorum,
302 1657 363 1697 non
386 1655 448 1698 une
475 1639 599 1715 quidem
621 1638 697 1698 fecit
721 1638 819 1698 Nobis
840 1635 999 1715 significa-

28 1733 136 1792 tiones
156 1730 253 1791 studii
275 1735 308 1791 et
322 1731 571 1806 benevolentiae,
586 1750 678 1810 quam
700 1731 804 1794 animo
817 1733 998 1807 conceptam

28 1844 110 1904 erge
132 1825 280 1884 dilectum
302 1823 402 1884 filium
424 1825 571 1888 Oarolum
586 1825 724 1886 Erskine
738 1825 845 1884 fovere
861 1843 893 1883 se
908 1841 1000 1900 prse-

28 1918 168 1978 ferebat.
185 1920 269 1978 Haec
283 1934 378 1994 porro
393 1921 458 1977 tum
480 1922 579 1991 certa,
594 1923 628 1978 et
645 1923 707 1980 tem
730 1919 838 1996 gravis
859 1919 1000 1980 declare-

29 2017 81 2074 tic
104 2014 201 2074 animi
223 2014 272 2074 sui
293 2013 534 2087 incausatum,
556 2031 613 2074 cur
633 2007 696 2090 ipsi
716 2013 748 2072 in
770 2012 926 2074 mandatis
949 2015 1002 2072 ds-

28 2125 141 2168 remus
153 2125 186 2167 se
207 2109 289 2167 istuc
310 2107 463 2184 privatim
478 2107 671 2180 conferendi,
688 2110 724 2167 ut
744 2107 872 2170 Nostris
893 2105 1000 2166 verbis

30 2201 158 2279 gratias
171 2219 264 2277 quem
278 2201 431 2261 maximus
453 2195 710 2278 egereteugusto
724 2202 850 2279 parenti
865 2204 921 2260 tuo
934 2202 1001 2260 Ma-

30 2314 115 2374 gnae
144 2295 329 2362 Britanniae
355 2295 425 2372 regi
447 2294 586 2366 illustri,
619 2299 714 2372 utque
742 2299 875 2356 eundem
902 2294 1000 2355 etiem

30 2394 130 2466 atque
152 2390 247 2449 etiam
270 2393 412 2466 rogaret,
435 2389 561 2448 neullo
583 2407 726 2466 umquem
749 2393 891 2468 tempore
919 2386 1002 2449 desit

30 2502 121 2544 suem
143 2484 369 2544 auctoritatem
391 2485 589 2561 impendere,
612 2501 761 2562 suumque
786 2483 998 2562 patrocinium

30 2598 67 2640 sc
90 2577 227 2638 tutelam
249 2576 422 2636 desiderari
444 2576 529 2636 sinet
541 2576 574 2635 iu
589 2575 628 2635 iis
643 2577 737 2637 rebus
750 2578 904 2650 omnibus,
920 2593 1001 2654 quae

32 2671 159 2748 possint
179 2673 236 2730 cut
256 2671 481 2730 catholicorum
503 2669 644 2730 rationes
665 2670 834 2747 respicere,
857 2671 913 2729 aut
925 2685 1003 2746 spo-

33 2765 166 2826 stolicae
187 2764 277 2824 Sedis
297 2765 463 2824 interesse.
479 2763 553 2824 Sine
574 2765 699 2840 itaque,
723 2769 759 2824 ut
780 2765 840 2824 tibi
861 2764 1002 2824 dicemus

33 2877 73 2917 ex
95 2857 214 2929 auimo,
227 2860 266 2918 sd
287 2857 513 2917 eelsitudinem
534 2861 621 2918 tuam
642 2857 1000 2934 pracsertim'spsctars,

34 2969 104 3010 eum
136 2951 243 3028 gretia
269 2951 434 3028 prosequi,
457 2953 491 3010 et
511 2950 596 3010 omni
622 2950 726 3011 studio
757 2950 889 3023 fovere3
911 2967 1002 3028 quem

34 3045 134 3106 Nobis
157 3045 194 3103 de
215 3043 346 3103 meliore
367 3047 443 3104 notu
456 3044 689 3104 commendasti.
707 3043 836 3104 Minime
858 3043 1001 3121 equidem

36 3137 236 3210 dubitemus,
258 3137 333 3214 quin
365 3137 449 3198 votis
480 3137 606 3200 Nostris
626 3136 733 3198 favere
765 3138 1001 3216 quoquomodo

37 3232 138 3305 velis3
162 3230 194 3289 id
216 3231 298 3291 enim
320 3249 447 3308 sperare
467 3233 531 3294 Nos
552 3231 640 3292 iubet
661 3231 840 3294 humanitus
868 3231 927 3291 illa
947 3234 1003 3292 tua

39 3324 223 3403 singularis,
246 3329 280 3385 ei
300 3324 437 3384 studium
459 3325 491 3385 iu
512 3327 576 3387 Nos
590 3328 692 3397 tuum,
704 3327 783 3402 quod
799 3324 895 3386 Nobis
915 3328 1004 3401 pate·

39 3419 155 3490 iecisti,
179 3421 321 3495 quodque
342 3423 434 3496 grato
456 3435 578 3494 semper
598 3418 715 3490 animo,
737 3422 771 3478 et
790 3418 942 3477 memoria
955 3434 1004 3476 co-

40 3513 139 3572 lemus
162 3512 364 3588 sempiterne.
381 3513 447 3572 Hac
468 3529 521 3588 spe
542 3511 631 3583 freti,
654 3511 739 3570 eliud
762 3511 875 3571 addere
897 3526 1006 3588 super-

41 3623 212 3666 vacaneum
234 3607 392 3682 putamus,
407 3607 441 3664 et
454 3605 493 3664 eb
507 3603 643 3663 omnium
659 3604 809 3663 bonorum
825 3606 954 3663 auctore
967 3617 1004 3660 ac

139 3727 199 3778 Vol.
219 3727 263 3778 Π.
897 3729 914 3774 4
