2582 4270
246 361 368 422 nomine
381 380 485 422 omues
496 364 534 422 ob
548 368 610 424 tam
622 365 783 442 egregium
795 364 912 424 factum
925 364 1203 430 collaudari.Quod

246 475 302 515 vos
323 457 419 516 etiam
441 457 550 516 iisdem
566 459 693 532 testari,
708 463 741 519 et
755 460 942 519 confirmare
958 458 1117 536 poteritis
1135 457 1207 518 offi-

246 550 328 608 cium
347 553 404 610 hoo
428 553 578 612 Nostrum
603 553 684 614 certi
711 571 827 626 sumna,
854 552 962 612 dilecti
987 551 1077 625 Filii,
1106 551 1204 628 quoad

148 667 153 677 ’
247 665 302 706 vos
323 665 438 718 omnes,
454 666 489 707 eo
505 649 599 708 etiam
615 649 788 709 valiturum
804 667 880 722 esse,
894 650 973 725 quod
985 647 1018 706 in
1030 651 1205 724 posterum,

245 741 306 800 etsi
325 759 380 818 per
402 760 456 801 vos
478 743 561 819 ipsos
582 743 718 802 maxime
739 743 810 800 sitis
831 743 868 800 ad
892 744 1040 801 tuendum
1069 743 1128 800 hoo
1150 759 1206 798 ve-

245 838 346 893 strum
368 837 460 894 decus
482 837 624 908 excitati,
648 839 752 896 tamen
776 837 875 912 magis
897 836 997 897 adhuc
1019 833 1205 894 inflammati

244 928 335 987 eritis
357 930 394 986 ad
418 933 525 990 vestra
545 947 621 1006 erga
642 931 705 990 Nos
727 930 915 988 cumulanda
936 927 1063 1000 merita,
1080 930 1118 988 ad
1134 944 1206 1002 pro-

245 1023 414 1098 sequendos
435 1023 556 1082 scilicet
577 1029 610 1083 et
631 1023 871 1100 amplificandos
892 1022 1082 1082 christianae
1104 1021 1207 1080 ohari-

245 1117 323 1175 tatis
347 1121 436 1177 actus
461 1119 492 1176 in
518 1119 807 1178 aerumnosissimos
830 1118 904 1177 illos
923 1119 1057 1178 Nostros
1073 1118 1205 1176 Fratres
1281 1181 1282 1184 Ἴ

245 1216 278 1272 et
292 1213 402 1286 Filios,
420 1233 495 1291 quos
516 1215 610 1274 Vobis
625 1215 721 1275 etiam
737 1218 830 1292 atque
845 1217 940 1276 etiam
963 1232 1022 1272 non
1037 1214 1102 1272 sine
1124 1231 1206 1272 sum-

244 1324 296 1365 ma
314 1312 438 1367 vestrae
464 1307 592 1384 pietatis
615 1307 730 1366 fiducia
750 1310 1009 1367 commendamus
1034 1309 1206 1366 Preoamur

245 1401 490 1477 omnipotentem
505 1403 601 1460 Deum
617 1405 649 1460 et
664 1401 825 1461 Dominum
838 1405 989 1463 Nostrum
1002 1404 1102 1462 Iesum
1115 1401 1206 1460 Chri·

245 1500 348 1570 stum,
377 1499 412 1556 ut
436 1513 490 1554 vos
522 1496 587 1570 ipse
618 1495 762 1555 caelestis
795 1514 868 1557 suae
901 1497 1023 1574 gratiae
1053 1495 1205 1572 largitate

243 1594 438 1662 muneretur,
455 1589 604 1665 vobisque
633 1590 847 1666 Apostolioam
873 1590 1125 1650 Benedictiouern
1153 1589 1207 1648 ui·
1281 1639 1282 1654 ,

244 1683 389 1742 vinarum
412 1683 667 1744 Benedictionum
689 1685 825 1742 omnium
839 1685 1008 1760 auspicem,
1031 1701 1070 1742 ex
1091 1682 1204 1741 intimo
1281 1711 1282 1762 }

243 1782 373 1852 paterno
398 1779 488 1836 corde
511 1772 744 1855 depromptam,
767 1785 967 1855 peramanter
989 1776 1202 1853 impertimur.
1281 1765 1282 1842 l

304 1871 416 1928 Datum
439 1872 555 1930 Romae
576 1872 655 1946 apud
679 1873 712 1930 S.
732 1873 861 1930 Petrum
885 1870 942 1928 sub
963 1865 1078 1928 annulo
1105 1866 1205 1943 pisca·

243 1961 332 2032 toris,
357 1963 405 2022 die
427 1965 486 2022 XX
502 1964 622 2039 Aprilis
637 1965 855 2037 MDGOXCIII,
872 1963 1079 2022 Pontificatus
1093 1961 1205 2020 Nostri

238 2074 320 2116 anno
341 2059 427 2117 XIX.

367 2361 407 2429 F.
427 2362 472 2428 X.
492 2259 778 2429 CARDINAII'irIb
802 2359 864 2427 DE
888 2357 1076 2426 ZELADA

647 2558 797 2600 Erisr0La

388 2712 460 2770 ab
482 2711 710 2771 EPISGOPUM
732 2711 1030 2772 LUCIONENSEM.

301 2901 447 2961 Perlatae
476 2905 549 2960 suut
571 2901 765 2960 sanctissimo
786 2900 915 2960 Domino
942 2901 1058 2958 Nostro
1082 2896 1205 2974 Ampli-

241 2993 360 3054 tudinis
381 2998 453 3054 tuae
475 2994 604 3054 litterae
634 3012 703 3052 cum
732 2993 872 3064 litteris,
896 3011 971 3068 quas
998 2991 1203 3052 Luciouensis

240 3087 397 3146 Dioecesis
419 3087 546 3163 parochi
568 3090 605 3147 ad
629 3093 661 3147 te
683 3087 938 3147 transmiserunt.
962 3089 1010 3146 Ex
1031 3085 1080 3144 nis
1100 3085 1205 3143 inora-

242 3180 337 3239 dibile
365 3180 450 3238 dictu
478 3185 528 3239 est
557 3186 672 3257 quanto
702 3181 861 3241 Sanctitas
887 3181 950 3238 Sua
972 3179 1205 3256 superabunda·

241 3273 326 3331 verit
338 3273 450 3348 gaudio
465 3273 497 3332 in
514 3275 595 3332 omni
608 3273 816 3333 tribulatione
837 3271 976 3330 fidelium
997 3271 1203 3332 Lucionensis
1281 3281 1282 3296 ¹

241 3363 402 3438 dioecesis,
425 3365 554 3425 audiens
575 3383 683 3425 eorum
706 3365 798 3425 fidem
822 3382 857 3423 ao
879 3363 1017 3422 studium
1040 3363 1071 3420 in
1093 3364 1204 3422 catho-

239 3457 302 3518 lica
316 3459 482 3536 Religione
495 3461 623 3532 tuenda,
639 3477 769 3518 necnon
792 3457 977 3534 patientiam
993 3457 1024 3516 in
1041 3457 1203 3534 perferen-

240 3549 289 3610 dis
311 3551 414 3626 malis,
430 3551 541 3629 quibus
564 3550 805 3612 luctuosissimis
827 3551 912 3611 hisce
935 3551 1127 3628 temporibus
1142 3550 1204 3627 ipsi
