2606 4268
440 261 616 320 -125-

33 384 99 425 non
117 365 185 425 sine
199 367 338 444 plurima
358 365 455 428 animi
471 367 667 430 iucunditate
682 369 884 448 perlegimus
898 371 1007 448 plenae

34 459 124 519 enim
148 463 221 518 sunt
242 463 276 519 at
297 459 328 518 iu
351 461 526 538 episcopale
549 462 759 524 ministerium
782 464 899 538 studii,
922 468 955 524 et
976 451 1029 525 in¹

33 555 118 624 Nos,
135 571 171 613 ac
192 553 405 630 Apostolicam
427 555 506 614 hane
520 556 628 615 Sedem
645 557 774 632 pietatis
788 576 824 616 ac
839 557 1006 618 observan-

35 647 105 706 tiae
128 652 213 706 tuae.
230 647 421 724 Pergratum
442 649 539 709 Nobis
561 648 625 709 fuit
646 651 693 710 tui
715 651 889 711 Pastoralis
910 651 1007 711 animi

34 744 274 818 argumentum,
293 741 465 801 [astructio
486 759 607 819 nempe,
624 743 673 803 cui
696 745 822 804 titulus:
839 744 921 803 Avia
935 761 1008 804 coa·

35 842 180 894 cernant
203 831 371 896 t'eoeercice
393 835 438 894 du
458 835 492 896 S.
509 835 680 897 Ministdre
703 838 786 897 dans
810 840 853 898 lec
871 840 1009 898 circons-

35 936 161 999 tcucca,
178 927 211 987 in
233 947 294 1004 qua
308 945 326 988 a
341 930 397 1002 Te,
415 948 476 989 uua
497 947 566 989 cum
587 931 747 1008 Episcopis
763 933 835 992 tuae
850 931 1008 992 Rhomen-

35 1021 83 1082 ais
102 1021 292 1082 ProvincIae
320 1023 523 1097 concinnata,
546 1025 674 1102 regulas
695 1025 1004 1102 exponisqnasdam,

35 1133 96 1192 pro
119 1116 217 1175 sacris
238 1116 421 1175 exercendis
435 1117 532 1188 curis,
550 1119 588 1176 ad
610 1117 795 1176 hodiernum
810 1118 1005 1178 Gallicarum

34 1227 146 1268 rerum
171 1211 290 1269 statum
304 1212 563 1284 accommodatas,
585 1229 736 1287 quamque
765 1228 821 1287 pro
847 1211 950 1270 debito
973 1211 1006 1270 iu
1058 1261 1065 1282 ,

34 1304 73 1363 B.
92 1303 183 1363 Petri
205 1304 393 1364 Gathedram
415 1304 561 1380 obsequio
577 1305 614 1363 ad
636 1305 701 1364 Nos
716 1303 932 1363 transmisisti.
945 1307 1006 1364 Eas

36 1395 168 1471 regulas
190 1413 259 1454 cum
281 1398 426 1456 accurate
448 1414 504 1473 pro
526 1413 654 1455 munere
669 1397 786 1457 Nostro
807 1395 1007 1472 perpenderi-

35 1507 120 1560 mus,
144 1487 248 1548 iacere
270 1489 411 1566 profecto
435 1507 496 1548 non
519 1507 691 1568 possumus,
714 1488 786 1565 quin
811 1505 1004 1564 summopere

35 1583 254 1642 collaudemus
276 1601 345 1642 cum
367 1589 473 1659 tuam,
497 1589 564 1644 tum
593 1589 720 1643 tuorum
748 1583 901 1643 Fratrum
925 1599 1000 1641 vere

34 1675 254 1752 Episcopalem
276 1677 532 1751 sollicitudinem,
549 1683 642 1754 atque
664 1677 779 1736 idcirco
801 1674 1004 1752 etiam,quod

35 1769 112 1827 huic
133 1770 269 1830 Sanctae
283 1771 357 1830 Sedi
379 1773 502 1832 easdem
524 1775 709 1831 reverenter
730 1768 910 1842 subieceriS,
926 1786 1002 1846 quas

35 1879 75 1920 co
95 1861 196 1938 magis
218 1865 255 1922 ad
278 1865 451 1923 salutarem
480 1864 728 1938 laudabilemque
754 1861 867 1939 agendi
889 1862 1006 1921 unifor-

35 1954 185 2014 mitatem
216 1957 247 2014 in
275 1959 331 2017 tua
361 1957 485 2017 illustri
508 1956 693 2027 Provincia,
716 1956 883 2015 schismate
905 1957 1006 2016 adhuc

35 2052 284 2126 perseverante,
314 2050 533 2110 stabiliendam
562 2049 704 2108 conferre
733 2066 821 2125 posse
843 2051 1005 2132 putamus,

35 2160 99 2219 quo
121 2142 222 2219 magis
242 2147 468 2205 consentaneae
490 2149 565 2202 sunt
587 2140 907 2220 praescriptionibus,
929 2158 1006 2216 quas

34 2235 192 2296 edidimus
217 2235 344 2297 Nostris
371 2237 403 2295 in
432 2236 534 2297 forma
561 2234 673 2296 Brevis
699 2233 844 2307 litteris,
867 2233 1005 2293 eiusdem

36 2328 158 2388 Gallici
180 2328 356 2390 schismatis
378 2349 483 2402 causa,
507 2347 562 2388 uec
585 2345 644 2387 non
669 2330 701 2386 et
722 2326 902 2404 Responsis,
926 2344 1005 2403 quae

35 2421 201 2495 dedimus,
225 2424 261 2482 dc
283 2423 415 2484 consilio
437 2424 571 2484 selectae
594 2421 830 2483 venerabilium
852 2422 1005 2480 Fratrum

34 2517 227 2576 Nostrorum
254 2518 287 2577 S.
305 2521 344 2580 R.
360 2521 397 2578 Ε.
421 2517 636 2580 Cardinalium
664 2513 943 2592 congregationis,
967 2515 1004 2574 ad

35 2608 182 2668 diversas
202 2609 302 2670 Nobis
332 2610 508 2688 propositas
529 2608 736 2686 quaestiones.
764 2606 893 2667 Interim
916 2624 1002 2679 vero,

36 2703 117 2778 quod
138 2703 185 2761 Te
205 2701 285 2762 scire
307 2704 464 2775 volumus,
479 2704 544 2764 Nos
559 2719 684 2779 operam
707 2704 847 2760 nostram
862 2699 1004 2758 conferre

36 2813 97 2854 nou
109 2793 355 2853 intermittimus
370 2795 401 2853 iu
417 2793 558 2872 generali
572 2793 784 2852 elucubranda
794 2791 1004 2850 instructione

35 2890 73 2946 ad
88 2886 215 2946 Galliae
225 2887 482 2965 Archiepiscopos
505 2891 539 2946 et
549 2886 716 2964 Episcopos
730 2889 905 2961 opportuno
921 2887 1004 2942 tem-

36 2999 113 3058 pore
129 2979 389 3052 transmittenda,
402 2998 491 3057 quae,
504 2981 603 3056 quoad
620 2977 690 3036 fleri
706 2982 823 3054 potest,
835 2975 1004 3053 peridonea

36 3076 90 3147 sit,
114 3077 149 3133 et
170 3072 367 3150 gravissimis
388 3072 570 3150 reparandis
591 3071 712 3132 damnis
733 3089 752 3130 a
773 3069 1003 3130 luctuosissimo

34 3167 207 3228 schismate
229 3165 390 3242 protectis,
412 3169 446 3224 et
467 3164 663 3224 restituendo
684 3163 717 3223 iu
737 3163 906 3241 pristinum
928 3161 1005 3221 reli·

35 3260 139 3339 giouis
163 3258 195 3317 iu
218 3259 274 3318 illo
296 3277 393 3336 regno
412 3258 585 3330 exercitio,
609 3261 644 3316 ut
666 3258 742 3318 haec
764 3275 800 3316 eo
822 3255 946 3318 facilius
967 3271 1003 3314 ac

34 3350 215 3430 promptius
228 3353 265 3410 ad
281 3351 419 3410 fidelium
436 3350 610 3410 utilitatem
625 3351 816 3422 reflorescat,
830 3367 890 3426 quo
905 3347 1004 3424 magis

33 3447 186 3506 Pastores
200 3445 231 3501 iu
248 3462 309 3502 una
331 3446 497 3520 eademque
513 3443 598 3502 inter
613 3461 644 3502 se
660 3452 835 3520 congruant
849 3440 1002 3502 sentiendi

34 3537 212 3616 agendique
235 3535 369 3596 ratione.
387 3521 473 3603 duod
496 3540 601 3596 autem
624 3541 747 3614 spectat
762 3537 798 3596 ad
822 3535 1004 3596 instructio-
