2632 4262
219 503 226 524 „
392 412 656 500 ιιιιιιιιι

266 645 420 712 RERUM
443 641 782 713 PRAECIPUARUM

84 855 88 858 ⁵
129 862 209 921 QUAE
234 862 351 911 DUOBUS
374 862 914 916 1118οΕνοιυιιιΝιΒυεῦοΝΤΙΝΕΝΤυιι.

414 1053 632 1076 *-

509 1299 540 1354 Α

99 1431 271 1491 Abbatissa
284 1431 442 1492 Ecclesiae
458 1432 490 1490 S.
501 1431 609 1491 Goerii
623 1432 784 1506 laudatur,
800 1421 881 1516 quod
903 1432 1007 1493 decla·

36 1526 199 1585 rationem
220 1525 368 1598 ediderit,
384 1527 417 1585 et
431 1524 555 1586 divinas
576 1525 685 1584 laudes
705 1525 781 1585 lieet
801 1524 903 1586 ianuis
921 1527 1006 1586 clau·
1098 1559 1101 1564 ·

37 1620 81 1678 sis
104 1619 153 1678 uti
175 1621 269 1679 antea
290 1637 360 1678 cum
382 1619 447 1690 suis
468 1619 604 1679 alumnis
624 1619 774 1679 celebret.
790 1620 815 1679 I.
832 1620 882 1679 48

98 1713 268 1772 Abbatissa
281 1713 438 1774 Ecclesiae
454 1714 486 1772 S.
497 1713 586 1773 Petri
602 1712 834 1774 Ramarioensis
856 1712 1005 1773 laudatur

38 1806 77 1863 ob
103 1806 272 1880 protestat
264 1825 350 1866 1ones
379 1805 508 1866 emissas
536 1811 647 1866 contra
675 1807 802 1864 decreta
827 1807 1005 1866 Conventus

37 1898 222 1968 nationalis
239 1901 264 1958 Ι.
281 1901 351 1959 371.
368 1901 438 1960 372.

98 1991 295 2052 Abbalissam
310 1993 493 2052 monasterii
508 1991 612 2068 oppidi
626 1991 797 2052 Aemiliani
819 1995 911 2052 docet
928 1993 1007 2054 Gar-

38 2085 156 2146 dinalis
180 2089 216 2145 de
231 2086 345 2148 Zelada
359 2087 431 2163 quid
447 2086 632 2146 monialibus
648 2085 692 2146 sit
706 2088 871 2164 agendum,
888 2087 915 2147 si
935 2105 1006 2147 mu-

37 2181 185 2258 nicipalis
213 2181 359 2242 Officialis
388 2184 425 2243 ad
455 2200 568 2242 noram
600 2182 800 2243 Abbatissam
828 2182 1004 2296 eligendam

39 2277 180 2336 accedat.
196 2276 273 2336 Ibid.

97 2371 229 2430 Absolvi
250 2370 372 2446 quando
393 2373 426 2430 et
447 2371 599 2450 quomodo
619 2371 742 2447 possint
767 2370 820 2448 qui
846 2370 1005 2430 iuramen-

36 2467 107 2524 tum
129 2465 283 2538 civicum,
306 2465 358 2524 vel
384 2465 522 2525 alterum
551 2463 711 2526 libertatis
732 2468 766 2524 et
786 2464 1002 2541 aequalitatis,

36 2560 90 2620 rel
112 2558 210 2619 etiam
232 2562 400 2635 utrumque
414 2559 656 2635 praestiterunt.
674 2561 713 2620 ΙΙ.
730 2559 897 2620 ild-Idem
912 2577 1006 2637 quae-

35 2653 124 2712 ritur
146 2655 185 2712 de
205 2653 328 2712 intruso
349 2653 646 2730 pseudo-Episcopo
663 2652 793 2714 11.120.

98 2746 249 2824 Aequalit
250 2764 283 2806 aa
235 2748 338 2806 tet
351 2745 448 2806 libert
434 2749 483 2806 tas
504 2747 662 2808 hominum
685 2746 842 2824 rmproba
843 2765 871 2807 a
828 2747 913 2807 t.I
930 2746 1006 2806 70.-

32 2840 181 2900 Eiusdem
201 2839 351 2900 declarat
327 2843 372 2900 tro
394 2859 412 2901 a
433 2842 596 2902 Conventa
618 2843 673 2900 nat
659 2839 773 2900 tionali
787 2839 908 2900 Gallico
932 2857 1004 2915 per·

36 2936 88 2993 act
91 2952 122 2993 a.
138 2934 209 2995 379

94 3027 271 3088 Aleriensis
294 3027 465 3106 Episcopus
491 3025 679 3106 (Ioannes)·
663 3023 814 3086 -Snmmi
838 3021 1004 3085 Pontificis

34 3124 71 3182 ad
88 3139 160 3182 eum
182 3126 215 3182 et
236 3123 274 3182 ad
295 3126 418 3183 ceteros
432 3122 602 3198 Episcopos
616 3121 760 3183 Corsicae
774 3120 918 3198 Epistola
936 3137 1004 3179 nio·

35 3215 198 3276 nitorialis
209 3215 320 3293 prima.
338 3217 362 3276 Ι.
381 3215 673 3277 162.·Secunda.l.
689 3214 870 3276 aaa-Eius
884 3214 954 3274 laus
969 3216 1002 3273 et

34 3311 215 3369 ceterorum
229 3309 453 3386 Episcoporum
467 3307 622 3370 Corsicae.
636 3308 661 3366 I.
672 3307 744 3368 301.
753 3307 887 3369 ·Iisdem
905 3305 1003 3368 facul·

34 3405 157 3464 tatibus
176 3404 352 3468 instructus
373 3421 444 3463 eum
465 3401 678 3463 confratribus
700 3400 776 3475 suis,
798 3402 909 3479 quibus
929 3398 1003 3476 Epi·

35 3499 119 3577 scopi
135 3498 232 3558 Galli.
249 3500 274 3558 Ι.
292 3497 449 3559 302.-11.
475 3496 525 3557 70.

95 3592 272 3654 Alexandri
294 3592 353 3652 VII
377 3589 564 3652 formulario
586 3589 693 3650 exules
723 3587 898 3648 sacerdotes
919 3585 1004 3646 Galli

132 3712 192 3764 Vol.
208 3713 253 3765 II.
880 3711 911 3759 ΙΙ)
