2632 4262
466 309 647 370 -291-

174 414 315 487 France,
345 417 378 473 et
398 413 476 491 qu'il
497 434 516 474 a
537 415 609 475 bien
638 418 733 478 vouln
762 424 911 482 accorder
930 423 960 484 le

177 506 216 566 17
235 506 368 568 Janrier
390 507 469 567 1794
512 552 843 573 .......
875 533 956 594 pap.
999 521 1039 579 71

74 599 154 660 1794
177 598 215 658 18
235 598 376 660 Ianuarii
389 631 403 645 -
416 600 492 660 Etsi
512 609 621 662 uotae.
638 607 749 664 Yroni
766 609 959 671 Alexandro

173 694 448 764 archiepiscopo
479 697 715 764 lugdunensi.
741 699 836 759 Dolet
856 702 958 762 ricem

172 789 465 849 Ecclesiasticorum
485 807 502 847 e
525 791 631 851 (tallia
645 792 861 871 profugorum,
873 800 961 876 Lug-

173 883 359 943 dunensium
381 883 593 960 praesertim
616 902 712 963 eoque
733 889 856 966 magis,
879 894 960 968 quod

175 979 214 1037 ob
236 978 398 1056 ingentem
419 978 704 1040 ecclesiasticorum
730 983 959 1060 emigraturum

173 1089 338 1132 nnmerum
360 1071 449 1132 nulla
465 1090 516 1131 eos
531 1091 587 1150 ope
602 1074 691 1134 valet
704 1075 866 1138 adiuvare.
883 1079 961 1141 Mit-

172 1165 216 1226 tit
244 1165 438 1244 encyclicam
466 1167 633 1243 epistolam
662 1169 748 1247 typis
776 1171 957 1248 vulgatam,

171 1277 233 1335 qua
263 1259 369 1336 populi
398 1259 579 1320 invitantur
605 1261 643 1321 ad
672 1261 891 1322 conferendam
925 1265 958 1325 in

172 1369 334 1412 commune
362 1351 498 1429 stipem,
529 1353 618 1412 cuius
645 1358 678 1414 et
709 1355 904 1432 colligendae
925 1361 959 1418 et

172 1447 438 1508 transmittendae
470 1465 578 1507 curam
613 1449 751 1526 suscepit
766 1493 768 1501 .
782 1450 959 1512 cardinalis

170 1541 329 1601 Ranutius
356 1543 502 1602 Anconae
529 1541 711 1621 Episcopus.
742 1543 849 1604 Mittit
876 1545 959 1622 pari·

173 1636 225 1694 ter
246 1635 424 1712 exemplum
445 1634 629 1696 litterarum
645 1635 695 1695 die
708 1637 747 1698 21
768 1638 959 1698 Novembris

172 1728 247 1787 anni
264 1729 343 1790 1792
357 1729 505 1790 datarum
519 1732 557 1790 ad
573 1730 757 1791 universum
772 1732 958 1793 Germaniae

170 1821 303 1898 clerum,
325 1824 437 1900 quibus
458 1823 550 1882 illum
572 1824 762 1884 hortabatur
790 1827 828 1885 ad
854 1843 960 1886 neces·
1006 1853 1007 1858 ¹

169 1917 287 1976 sarium
307 1917 394 1976 vitae
406 1917 598 1994 praesidium
613 1917 779 1994 emigratis
796 1922 959 1994 praestan·

169 2011 254 2070 dum.
279 2011 427 2087 Indulget
448 2013 586 2084 tandem,
611 2015 647 2071 ut
667 2009 804 2088 quinque
825 2014 882 2071 aut
903 2029 959 2071 sex

171 2103 334 2163 eelericis
358 2103 470 2162 mittat
513 2147 897 2165 ........
939 2122 959 2164 a
999 2109 1038 2168 73

169 2198 210 2258 22
230 2196 370 2257 11111111
384 2229 399 2242 -
412 2197 487 2256 Etsi
507 2205 615 2257 notae.
640 2199 797 2258 Martiali
809 2201 958 2258 Alexan·

168 2297 230 2352 dno
252 2294 427 2362 Episcopo
449 2293 677 2364 Pistoriensi‚
701 2293 851 2362 aliisque
878 2296 959 2364 upi-

169 2387 289 2457 soopis
301 2375 413 2445 Gallis
424 2387 589 2457 Friburgi
603 2387 905 2446 commorantibus.
913 2388 959 2446 De

169 2481 277 2539 eodem
298 2497 335 2538 ac
355 2478 385 2537 in
409 2479 610 2555 praecedenti
625 2478 760 2555 epistola
778 2479 848 2556 agit
861 2497 958 2558 argu-

167 2576 288 2646 mento,
310 2571 482 2650 iisdemque
504 2571 571 2632 fere
585 2573 692 2632 verbis
707 2574 892 2649 respondet,
906 2573 959 2633 ul-

167 2665 248 2726 tima
268 2665 486 2725 tantummodo
507 2667 640 2742 excepta
660 2665 858 2724 concessione
886 2709 893 2725 .
937 2682 956 2725 a
1000 2666 1043 2726 75

167 2759 208 2820 24
229 2758 371 2819 Ianuarii
386 2790 403 2804 -
416 2758 473 2818 Ec
486 2761 615 2820 litteris.
629 2762 767 2820 Urbano
778 2762 952 2830 Episcopo

166 2853 322 2914 Dolensi.
346 2854 487 2927 Gaudet,
517 2851 730 2912 Marchionem
751 2854 788 2912 de
810 2854 953 2930 Dresnay

166 2943 325 3005 delectum
339 2944 435 3006 fuisse
455 2947 494 3006 ad
515 2945 713 3023 imperandae
727 2944 956 3005 catholicorum

168 3041 202 3097 et
222 3039 382 3116 regiorum
404 3039 543 3098 militum
564 3038 679 3116 copias,
703 3041 737 3098 et
757 3036 957 3114 reintegran-

169 3131 242 3190 dum
257 3147 364 3190 rerum
379 3131 532 3205 ordinem,
549 3133 584 3191 et
596 3131 759 3208 antiquam
774 3131 967 3207 provinciae.

166 3223 352 3284 Britanniae
374 3224 654 3285 constitutionem:
678 3226 712 3284 et
733 3223 843 3286 laudat
864 3225 957 3285 huius

168 3319 307 3378 studium
326 3319 541 3380 restituendae
560 3319 628 3379 illic
643 3319 818 3380 catholicae
829 3319 958 3397 religio·

167 3412 226 3474 nis.
251 3415 454 3475 Commendat
475 3415 577 3492 ipsum
598 3413 806 3491 Episcopum,
826 3432 862 3473 1ο
876 3415 957 3490 quod

90 3533 93 3542 ·
167 3505 206 3564 ad
229 3506 419 3567 removenda
433 3507 547 3567 damna
561 3505 655 3566 illata
668 3522 687 3564 a
702 3504 825 3565 Guillot
833 3505 873 3563 de
884 3505 958 3565 Fol-

167 3597 278 3660 leville
292 3601 435 3661 Perocho
448 3599 575 3661 Dolensi
591 3616 702 3660 nomen
718 3597 961 3659 auctoritatem·

917 3701 935 3738 t
