2624 4260
676 275 854 376 ..179-

731 430 807 486 ΙΝ.

466 548 717 597 vnunauarnusus
737 551 916 596 ruiramus
935 553 1066 598 uosrurs

540 694 572 754 a.
588 697 627 756 a.
644 697 680 756 a.
696 697 1000 759 cumularemus
1075 772 1082 788 ,

493 855 663 936 PIUS
719 857 912 944 ΡΑΡΑ
965 859 1034 937 Vl.

399 1042 486 1100 ven.
501 1009 653 1114 Fratres,
670 1059 710 1102 ec
724 1044 855 1102 Dilectl
868 1044 966 1115 Filii,
982 1046 1136 1104 Salutem

459 1139 494 1193 et
513 1136 750 1205 Apostolicem
771 1137 1068 1196 Benedictionem.

342 1308 419 1368 (lum
440 1308 574 1368 dilectus
595 1308 680 1368 illius
706 1308 891 1370 Vincentius
913 1310 1015 1371 Maria
1036 1313 1073 1370 de
1093 1311 1248 1388 Alteriis,

285 1401 406 1480 pridem
428 1402 461 1461 S.
477 1404 516 1462 R.
530 1404 565 1462 Ε.
587 1401 733 1461 diaconus
755 1403 933 1464 Oardinalis
954 1403 1052 1464 titulo
1074 1404 1108 1463 S.
1130 1407 1248 1466 Mariae

285 1494 317 1553 in
339 1496 400 1556 Via
420 1497 511 1565 Lata,
535 1491 657 1554 litteris
678 1514 734 1556 sua
749 1513 841 1556 mauu
864 1497 990 1574 scriptis
1005 1499 1053 1558 die
1077 1499 1117 1559 12
1138 1500 1247 1560 martii

284 1588 377 1648 huius
391 1587 476 1658 anni,
493 1585 721 1662 significaverit
735 1588 833 1648 Nebis
847 1607 879 1648 se
893 1590 1144 1663 cardinalatum,
1159 1611 1247 1669 quem

284 1683 351 1742 Nos
370 1681 400 1740 ei
421 1679 591 1740 detulimus
613 1678 662 1736 die
685 1680 848 1740 undecima
869 1683 1041 1743 decembris
1062 1685 1137 1744 enni
1158 1686 1246 1757 1780,

284 1777 438 1852 deponere
452 1772 653 1833 constituisse
664 1771 720 1851 (l),
736 1775 815 1849 quod
831 1779 937 1835 aetate
953 1776 1188 1853 ingravescens,
1202 1780 1249 1838 vi-

284 1868 371 1926 ribus
385 1865 482 1926 animi
496 1871 529 1926 et
542 1863 685 1942 corporis
700 1867 897 1940 debilitatus,
914 1887 974 1928 non
990 1870 1126 1947 amplius
1141 1877 1247 1948 posset
1300 1899 1302 2004 4

284 1961 352 2022 eius
373 1959 538 2038 dignitatis
561 1977 656 2019 onere
678 1959 850 2033 sustinere3
873 1979 1001 2037 eumque
1023 1963 1117 2035 idem,
1134 1982 1173 2023 ne
1195 1983 1247 2024 ex·
1301 2005 1302 2010 κ

285 2053 419 2133 pectatis
440 2054 563 2130 quidem
577 2053 700 2114 litteris
715 2070 732 2110 a
745 2053 844 2112 Nobis
859 2069 1005 2129 responso
1028 2055 1121 2129 datia,
1137 2057 1246 2132 quibus
1301 2075 1302 2134 p

285 2167 356 2208 eum
378 2150 539 2208 deterrere
561 2165 579 2208 a
600 2147 761 2223 proposito
783 2147 983 2220 conabamur,
1004 2165 1035 2208 ae
1051 2166 1126 2207 vere
1141 2168 1158 2208 e
1173 2150 1246 2210 Gar·
1300 2167 1301 2209 l

286 2241 428 2302 dinalatu
449 2239 617 2312 abdicarit,
641 2258 696 2298 nec
718 2239 920 2316 rescripserit
940 2243 977 2300 ed
992 2241 1059 2302 Nes
1080 2241 1143 2300 nisi
1159 2246 1195 2300 ut
1209 2243 1246 2300 si·
1299 2257 1300 2287 i

285 2333 452 2410 gnificaret
471 2332 569 2393 Nobis
590 2350 609 2392 a
631 2349 663 2390 se
690 2349 765 2390 vere
792 2350 828 2391 ac
849 2333 1034 2392 solemniter
1058 2331 1243 2409 dignitatem

284 2427 504 2488 Cardinalatus
519 2426 615 2485 fuisse
637 2425 821 2501 depositam,
837 2445 873 2488 ec
896 2427 1007 2486 deinde
1028 2425 1158 2486 silentio
1179 2445 1243 2500 suo,
1296 2465 1297 2519 ,

284 2520 324 2580 iis
339 2519 495 2580 mensibus
508 2518 561 2596 qui
575 2517 804 2579 abdicationem
819 2519 886 2579 eius
900 2519 1058 2579 consecuti
1080 2523 1166 2594 sunt,
1179 2521 1244 2579 nul·
1295 2549 1296 2595 p

284 2613 347 2674 lum
363 2623 447 2690 spem
469 2612 581 2672 fecerit
599 2629 632 2671 se
646 2630 713 2672 eam
735 2630 800 2672 esse
815 2618 1049 2685 revocaturum,
1065 2615 1104 2672 ob
1119 2631 1242 2690 eamque

285 2725 408 2768 causam
431 2706 536 2766 nullus
557 2706 692 2782 amplius
706 2706 804 2766 Nobis
819 2706 982 2766 dubitandi
1000 2707 1044 2766 sit
1065 2707 1151 2768 locus
1172 2705 1239 2783 quin

284 2801 313 2860 is
333 2800 424 2877 plane
446 2801 538 2858 etex
559 2798 776 2874 perseveranti
792 2797 889 2857 enimi
912 2798 960 2858 sui
982 2800 1142 2860 sententia
1162 2818 1197 2859 ee
1210 2817 1238 2857 se

284 2894 441 2970 dignitate
469 2891 672 2968 spoliaverit:
696 2896 863 2968 propterea
889 2893 973 2964 Nos,
1000 2893 1121 2954 auxilio
1149 2893 1241 2952 divini

285 2985 413 3044 luminis
433 2985 614 3062 imploratu,
630 3002 666 3044 ee
682 2985 734 3044 diu
749 2985 945 3062 multumque
959 2985 1105 3046 meditati
1126 2987 1198 3063 quid
1211 2985 1256 3046 in.

1130 3103 1162 3132 κ·

347 3183 383 3236 (1)
399 3181 582 3228 Documentum
598 3179 668 3226 istud
684 3180 723 3226 uti
739 3182 765 3226 et
774 3177 928 3239 praecedens
943 3179 1023 3227 edidit
1036 3182 1129 3228 Petrus
1144 3179 1242 3228 Baldas·

283 3258 485 3315 summepere,
499 3253 645 3303 Belcaioae
654 3254 725 3303 delle
735 3253 864 3302 accersito
873 3254 1037 3318 operimenti
1047 3255 1076 3304 di
1087 3254 1138 3304 Pio
1151 3253 1193 3304 VI
1199 3261 1243 3302 eie.

285 3329 404 3380 Modeuc
426 3330 489 3378 1842
511 3329 540 3376 T.
557 3328 649 3392 3po9.
668 3330 785 3378 rae-128.
803 3331 842 3378 Ibi
858 3333 935 3379 etiam
951 3328 1012 3391 (lib.
1025 3331 1040 3378 2
1051 3345 1120 3394 pap.
1135 3330 1167 3378 68
1182 3328 1243 3393 rep.)

283 3408 417 3455 historiam
432 3409 522 3454 narrat
539 3409 631 3453 harum
649 3407 836 3454 abdicationum
857 3420 993 3466 earumque
1012 3407 1172 3454 miserabiles
1192 3419 1244 3453 oau-

284 3498 341 3534 sas:
360 3487 435 3544 atque
450 3497 503 3531 una
520 3483 596 3530 eimm
612 3473 818 3531 renunciantium
835 3486 948 3542 ipsorum
964 3485 1157 3542 poeniteutiam,
1168 3481 1245 3530 humi·

285 3562 383 3619 lemque
399 3561 489 3608 veniae
505 3560 652 3619 petitionem
668 3557 738 3607 Tem.
757 3557 773 3606 3
784 3573 872 3622 pepp.
890 3559 929 3606 74.
941 3557 980 3606 93.
