2582 4270
36 357 204 430 Postume,
219 361 275 416 aut
295 355 437 428 clerteos,
453 353 521 416 tum
543 355 729 430 saeculares,
745 359 812 416 tum
834 356 1008 434 regulares,

37 449 108 509 sive
129 452 306 526 exemptos,
322 449 388 509 sive
410 467 470 508 non
492 451 665 528 exemptos,

100 544 126 602 Ι.
143 542 204 610 oui
218 541 451 621 praestiterunt
472 543 683 605 iuramentum
705 544 838 604 clecum
853 545 939 624 (iare
959 559 1009 602 me

37 639 177 696 naticae·
196 637 294 714 fidem
315 646 531 711 servaturae,
550 640 794 716 libertatemque
808 645 840 700 et
861 639 1009 715 aequale·-

37 738 143 790 tatem
156 733 331 804 tacituram,
346 741 405 792 aat
416 737 454 793 ia
468 751 582 794 earam
592 727 1006 812 defensionemoritaram),

37 823 70 882 in
95 824 297 896 coitionibus,
319 837 395 903 quas
417 831 533 887 vocant
554 831 650 899 ababa,
674 827 783 888 autin
805 826 1009 887 conventibus

37 919 221 996 primariis3
244 925 317 980 ante
338 923 613 998 proclamationem
636 921 680 1002 (l)
702 941 781 1000 quae
807 921 887 982 illud
910 920 1011 982 mani-

37 1013 120 1073 feste
143 1031 214 1072 cum
236 1015 431 1076 decretorum
459 1016 670 1076 universitate
691 1016 867 1094 colligavIt.

102 1109 143 1168 R.
159 1108 206 1166 Ad
229 1107 356 1167 dubium
378 1111 402 1168 Ι.
419 1110 487 1170 Non
510 1127 577 1169 esse
599 1109 701 1169 locum
723 1127 779 1186 pro
801 1127 882 1168 nnnc
902 1108 1011 1186 poenis

38 1200 209 1269 canonista,
226 1203 360 1261 nondum
381 1205 466 1262 edito
481 1221 538 1280 per
559 1222 614 1264 nos
629 1203 746 1262 iudIcio
760 1220 853 1279 super
874 1201 1011 1261 formula

37 1295 168 1353 secundi
189 1295 359 1355 iuramenti
380 1314 399 1355 a
420 1301 576 1357 conventu
608 1296 770 1357 Nationali
798 1293 1009 1372 praescript13

38 1389 92 1447 sed
116 1390 287 1448 monendos
306 1407 373 1448 essa
394 1391 542 1450 Paetores
564 1390 789 1462 casalaricus,
813 1394 881 1448 tum
903 1405 1011 1448 saecu-

37 1483 139 1554 lareS,
155 1486 223 1542 tum
245 1483 419 1560 regulares,
442 1485 509 1544 sive
531 1487 711 1562 exemptos,
735 1485 801 1544 sive
823 1501 882 1542 non
905 1498 1011 1541 exem·

37 1582 124 1653 ptos,
149 1577 202 1652 qui
231 1577 406 1654 praefatum
434 1577 646 1637 iuramentum
674 1577 908 1655 praestIterunt
935 1576 1010 1634 ante

39 1669 322 1746 proclamationem
345 1672 408 1732 diei
424 1674 498 1732 VIII
511 1672 679 1744 Februarii
701 1673 775 1732 anni
789 1667 958 1741 currentis,
972 1670 1009 1727 ut

38 1762 210 1822 consulant
230 1765 439 1826 conscientiae
461 1783 547 1838 snae,
564 1783 634 1825 cum
657 1766 688 1824 in
711 1765 803 1824 dubio
819 1766 925 1824 iurare
947 1779 1007 1820 non

37 1854 149 1914 liceat.

103 1949 144 2008 11.
160 1949 220 2015 Qui
234 1949 423 2025 praefatum,
433 1957 489 2012 aut
503 1969 612 2028 parum
628 1951 770 2012 absimile
785 1951 1008 2024 intumentum,

38 2042 128 2102 istud
152 2043 300 2103 nimirum
316 2045 466 2126 (larome
480 2063 575 2122 saper
590 2047 740 2107 dioecesis
761 2055 820 2106 aat
836 2047 1009 2123 paroeciae

37 2153 133 2196 meae
155 2139 265 2215 fideles
289 2149 440 2200 accurate
462 2141 704 2216 vigilaturum,
731 2141 783 2200 vel
808 2139 873 2200 alla
894 2138 1006 2197 forma:

37 2246 91 2288 me
115 2231 303 2306 faaetioaes
324 2250 411 2292 meas
426 2233 625 2292 adamussim
639 2235 858 2309 impletarum,
877 2233 1010 2292 liberta-

38 2333 105 2383 tem
131 2331 163 2383 et
184 2327 428 2400 aequalitatem,
451 2321 537 2403 eta),
560 2326 734 2387 emiserunt
755 2345 793 2386 ex
815 2324 1009 2404 praescripto

37 2416 145 2476 aletae
160 2417 417 2493 proclamationIs
431 2437 536 2478 mense
551 2421 725 2480 Februario
745 2422 925 2498 evulgatae,
941 2419 1009 2478 siue

36 2510 119 2569 illud
142 2527 222 2586 pure
243 2528 280 2569 ac
305 2512 494 2588 simplicIter
525 2515 763 2591 pronuntiatum
794 2514 913 2585 fuerit,
940 2511 1008 2572 sive

37 2622 110 2663 cum
133 2603 286 2664 ementita
312 2605 365 2665 vel
395 2605 596 2670 insufficienti
619 2609 848 2686 expositionum
880 2611 936 2667 aut
957 2625 1008 2666 re-

37 2697 242 2756 strictionum
265 2697 448 2760 adiectione.

100 2792 143 2850 R.
160 2789 208 2850 ld
230 2789 357 2850 dubium
372 2793 412 2852 II.
429 2794 490 2852 Eos
511 2793 564 2870 qui
583 2795 812 2870 praestiterunt
833 2793 1010 2871 praefatum

38 2883 256 2943 iuramentum
272 2885 364 2945 iuxta
384 2887 613 2964 praescriptum
629 2888 731 2948 dictae
753 2885 1009 2964 proclamationis

39 2978 102 3037 diei
127 2978 201 3036 VIII
216 2977 383 3038 Februarii
405 2980 586 3055 praeteriti,
603 2981 634 3038 in
656 2999 717 3058 qua
735 2997 881 3058 expresse
902 2979 1009 3056 requi-

102 3181 138 3236 (1)
155 3179 262 3227 Publlte
278 3180 302 3228 le
319 3182 334 3228 8
349 3180 454 3229 Fam-lar
465 3185 534 3240 1793,
552 3196 600 3242 par
616 3184 654 3230 les
670 3183 859 3232 commisauires
869 3180 1009 3230 delacer-

37 3257 145 3302 tention
161 3255 299 3304 nouenae
315 3256 380 3304 dans
395 3258 434 3304 les
449 3271 514 3317 pays
531 3258 562 3305 (le
577 3260 605 3307 la
623 3259 714 3306 Savels
731 3257 839 3318 occepta
855 3271 903 3318 par
918 3260 957 3306 les
969 3271 1009 3306 ar·

38 3329 106 3378 meae
123 3331 287 3392 Francuises,
298 3332 408 3390 laquelle
424 3333 524 3390 enioint
540 3346 589 3380 aux
600 3332 811 3392 Eeoleslastiques
825 3333 958 3402 emplopee
972 3346 1009 3381 aa

38 3403 136 3453 saviae
152 3405 191 3454 da
210 3404 291 3454 Oalte
315 3407 346 3453 de
371 3406 456 3466 preter
481 3409 505 3454 le
522 3411 634 3458 serment
650 3409 681 3456 de
698 3411 863 3458 constitution
880 3411 955 3458 civile
971 3408 1007 3456 du

38 3482 122 3542 clergo
138 3496 203 3531 aona
218 3483 292 3542 pelne
316 3483 347 3530 (le
361 3483 511 3532 destitution
533 3487 558 3532 et
572 3485 603 3532 de
618 3468 793 3545 Jltportation,
811 3489 836 3533 et
852 3485 964 3535 n’admet
980 3487 1009 3536 ni

37 3560 203 3619 explication,
222 3560 250 3608 ni
266 3558 376 3608 rtaervc.
394 3557 469 3618 (Not.
481 3558 560 3608 Edit.
574 3575 619 3608 aa.
632 3559 715 3624 1800.)
