2606 4268
663 223 841 282 —144-

686 397 822 453 xnuv.

599 535 667 612 PH
693 535 748 612 VI
775 536 821 611 P.
844 535 900 610 M.
941 568 944 574 ·

532 733 956 794 ¹DECRE'PUM

452 924 513 966 rao
534 923 707 967 nnncrmnn
729 921 924 966 succussorus
945 904 1049 982 sui(l)

330 1069 395 1128 Nos
415 1067 490 1126 Pius
505 1069 591 1143 Papa
612 1068 741 1138 Sextus,
763 1065 896 1126 attentis
918 1063 1133 1142 peculiaribus
1148 1083 1240 1140 praa·
1292 1071 1293 1080 ’

271 1161 415 1220 sentibus
436 1161 594 1221 Ecclesiae
615 1159 877 1232 circumstantiis
894 1163 930 1218 ut
948 1159 1029 1219 viam
1053 1159 1240 1234 praecluda-

270 1271 338 1313 mus
351 1254 594 1317 dissensionibus
609 1273 700 1331 quae,
716 1257 901 1313 occurrente
916 1253 1002 1311 obitu
1011 1253 1143 1324 Nostro,
1157 1250 1237 1309 oriri
1292 1243 1293 1278 i

270 1346 375 1407 forsan
403 1354 531 1425 possent
552 1366 591 1408 ex
613 1349 676 1422 iia,
699 1367 778 1426 quae
800 1347 831 1405 in
855 1345 1132 1428 constitutionibus
1152 1363 1239 1404 sum·

270 1458 390 1501 morum
406 1442 586 1518 pontificum
602 1443 789 1502 Nostrorum
810 1443 1081 1516 praedecessorum
1105 1456 1238 1499 servan-

270 1535 309 1592 da
331 1534 590 1610 praescribuntur
603 1534 634 1592 in
650 1533 806 1592 electione
821 1533 895 1590 novi
911 1531 1043 1592 Romani
1058 1531 1236 1603 PontificiS,

269 1630 303 1684 et
323 1627 487 1704 praecipue
509 1627 541 1684 in
563 1627 788 1686 constitutione
811 1625 956 1702 Gregorii
973 1627 1014 1702 X,
1041 1625 1090 1682 Pii
1114 1626 1172 1695 IV,
1190 1643 1237 1683 se·

268 1719 367 1794 ptimo
389 1719 431 1776 id.
451 1719 553 1777 octob.
569 1721 643 1778 anni
666 1719 763 1791 1562,
787 1723 820 1778 et
841 1719 1011 1778 Clementis
1032 1718 1106 1788 XII,
1122 1722 1236 1794 quarto

269 1829 342 1870 non.
356 1811 457 1870 octob.
476 1812 564 1882 1732,
580 1813 698 1872 Nostra
719 1813 889 1889 apostolica
912 1811 1118 1884 auctoritate,
1132 1817 1167 1870 et
1181 1829 1235 1888 pro

268 1905 326 1963 hac
342 1905 423 1975 vice,
440 1905 625 1981 derogantes
641 1905 672 1962 in
688 1905 728 1964 iis
742 1924 821 1982 quae
842 1905 873 1964 in
897 1905 1007 1964 iisdem
1028 1906 1236 1966 constitutio-
1292 1975 1293 1978 Ἴ

268 1997 360 2056 nibus
382 2001 536 2059 servanda
549 2000 801 2071 constituuntur,
815 1995 981 2074 praecipue
995 2002 1093 2076 quoad
1112 2003 1236 2078 tempus

268 2093 454 2168 expectandi
476 2095 644 2153 adventum
668 2095 705 2150 ad
722 2093 837 2153 Urbem
860 2097 892 2152 S.
910 2095 950 2152 R.
963 2095 999 2152 E.
1017 2093 1234 2154 cardinalium

268 2191 361 2246 extra
382 2189 554 2246 Romanam
577 2186 704 2246 Curiam
727 2185 997 2258 commorantium,
1021 2185 1233 2256 declaramus,
1292 2205 1293 2214 ¹

267 2280 471 2352 mandamus,
494 2282 527 2337 et
555 2277 667 2338 stricte
688 2277 719 2334 in
743 2277 874 2336 Domino
893 2277 1069 2336 'hortamur
1091 2277 1126 2336 S.
1141 2280 1183 2338 R.
1198 2281 1232 2337 u.

267 2364 450 2456 Gardiuales
471 2372 588 2432 iratres
607 2374 755 2444 Nostros,
779 2372 810 2430 in
833 2374 890 2437 hac
911 2373 1053 2431 Romana
1067 2371 1155 2432 Urbe
1172 2372 1237 2430 exi·

268 2467 398 2534 stantes,
415 2471 451 2523 ut
470 2467 506 2524 ad
524 2466 597 2524 novi
612 2465 777 2524 Pontificis
799 2465 981 2524 electionem
998 2465 1185 2542 procedant,
1201 2483 1236 2524 ac

190 2581 192 2586 ’
268 2559 435 2634 procedere
465 2557 568 2617 valide
589 2561 623 2616 et
642 2557 785 2635 legitime
807 2558 955 2632 valeant,
979 2557 1102 2619 etiamsi
1124 2559 1236 2620 Cardi-

329 2677 363 2730 (1)
374 2675 580 2733 Impendeutibua
590 2678 684 2722 Rornae
695 2677 849 2734 sanctaeque
859 2669 1022 2734 Apostolicaa
1034 2677 1092 2723 Sadi
1103 2678 1236 2734 gravissi-

266 2752 315 2798 mis
331 2751 528 2809 calamitatibus,
546 2753 607 2799 Pius
624 2751 661 2798 VI
677 2753 823 2798 consultum
839 2753 922 2799 voluit
938 2753 1057 2798 electioni
1073 2755 1235 2800 successoris
1292 2749 1293 2762 ¹

267 2828 316 2884 sui,
330 2829 353 2874 si
368 2829 420 2874 Deo
437 2828 575 2884 placuisset
590 2829 675 2887 ipsum
690 2841 720 2875 ax
737 2830 786 2874 hac
802 2829 857 2875 vita
867 2829 977 2886 migrare
987 2831 1015 2875 in
1025 2829 1178 2877 difficillima
1188 2832 1235 2878 illa

266 2915 351 2950 rerum
361 2903 512 2951 conditione.
522 2905 617 2951 Narrat
626 2905 729 2962 praesul
743 2901 839 2950 Petrus
851 2901 1150 2964 Baldassarri,sundam
1168 2909 1235 2954 Pon·

266 2978 360 3024 titlcam
375 2979 406 3024 da
421 2980 470 3026 hoo
485 2981 586 3037 negotio
603 2980 731 3027 decretum
747 2980 855 3027 edidisse
877 2993 974 3038 suaque
989 2993 1067 3026 manu
1087 2983 1114 3026 at
1128 2981 1234 3039 privata

266 3053 351 3110 sigillo
367 3055 489 3112 firmasse,
506 3056 569 3102 lieet
583 3067 634 3112 qna
650 3055 690 3102 dia
705 3056 733 3101 id
749 3057 837 3112 egerit,
849 3055 968 3113 ignorare
981 3069 1008 3102 aa
1019 3056 1140 3102 fateatur.
1152 3056 1235 3104 Addit

265 3131 359 3186 tamen,
370 3131 472 3186 haecse
483 3130 610 3187 accepisse
620 3143 636 3176 a
646 3131 702 3176 viro
715 3131 764 3194 lide
781 3131 937 3188 dignissimo,
958 3131 1002 3188 qui
1018 3130 1150 3184 decretum
1166 3133 1233 3179 illud

266 3203 373 3251 viderat:
391 3215 418 3248 aa
436 3205 520 3249 autem
541 3205 648 3261 primam
670 3204 741 3252 illius
765 3206 972 3263 perscriptionem
995 3219 1056 3264 praa
1077 3207 1160 3252 oculis
1182 3209 1233 3254 ha·

265 3277 360 3335 buisaa,
377 3291 441 3336 quaa
457 3292 535 3324 manu
550 3279 664 3326 sinadam
681 3281 811 3328 Pontificis
829 3282 974 3340 conscripta
993 3283 1050 3330 visa
1066 3282 1116 3329 sibi
1132 3285 1189 3342 est;
1207 3285 1232 3330 at

265 3355 333 3401 hane
349 3354 437 3400 retulit
452 3355 480 3400 in
496 3367 541 3400 suo
559 3367 645 3414 opera,
665 3358 707 3403 oui
721 3356 826 3403 titulum
841 3358 911 3404 iecit:
930 3355 1076 3404 Reluaioac
1093 3355 1166 3404 dallo
1183 3372 1232 3404 co-

264 3427 362 3476 oersitd
378 3443 391 3475 e
403 3427 549 3492 perimenti
565 3428 608 3477 del
624 3429 742 3490 plorioso
762 3429 840 3494 Papa
858 3430 909 3478 Pio
924 3429 968 3479 VI
976 3438 1023 3480 etc.
1038 3429 1157 3482 Modera
1169 3433 1229 3482 1841

266 3503 336 3552 Tum.
348 3503 371 3552 2.
377 3518 446 3566 pop.
458 3502 513 3550 219.
893 3525 896 3530 .
