2606 4268
645 246 824 305 -128-

257 356 358 413 amate
366 353 458 414 malis
468 353 621 414 efferatur
632 352 888 413 remediumfloc
899 355 986 412 certe
994 355 1116 428 tempus
1124 349 1222 428 (quod

257 447 377 507 utinam
397 447 623 524 quamprimam
643 451 705 508 Deo
723 448 895 507 miserante
911 445 1072 522 adveniat)
1089 447 1153 506 Noa
1174 445 1226 502 ct-

255 539 318 600 iam
340 539 474 600 maxime
496 547 706 618 expectemus,
724 547 759 601 ut
772 543 890 602 Nostra
904 541 1013 600 itidem
1035 537 1224 615 Apostolica

255 651 331 692 voce
352 652 408 711 per
429 634 610 694 universam
632 635 768 694 Galliam
783 635 905 707 diffusa,
922 651 1044 692 omnem
1060 633 1146 692 illam
1164 648 1224 689 na-

256 727 375 788 tionem
389 747 408 788 a
423 729 598 806 perniciosa
613 729 801 790 discessione
816 745 966 793 revocare
985 729 1166 798 cdntcndat,
1183 743 1222 784 ac

255 822 425 899 pristinum
446 823 661 901 sanctissimae
676 821 841 898 religionis
854 819 1040 880 exercitium
1056 819 1170 896 ubique
1185 819 1221 878 in

255 915 332 974 adeo
344 913 508 974 convulsas
521 913 686 990 impietate
700 912 879 992 provincias
890 913 1071 973 restituere.
1084 911 1221 972 Omnino

255 1007 357 1086 igitur
371 1008 530 1080 convenit,
547 1010 641 1084 prout
655 1007 860 1079 existimasti,
877 1007 991 1067 dilecte
1006 1007 1070 1066 Fili
1085 1009 1218 1078 Noster,

256 1106 294 1162 ut
305 1107 359 1162 tua
374 1106 557 1162 reservetur
571 1102 706 1179 epistola
720 1104 757 1162 ad
774 1107 908 1178 tempus,
923 1121 983 1179 qno
998 1104 1104 1163 sedata
1119 1101 1222 1160 inerit
1301 1109 1302 1186 f

254 1195 442 1273 persecutio,
465 1214 500 1255 ac
515 1195 648 1273 epistola
661 1197 779 1258 Nostra
793 1196 1009 1273 praecesserit,
1026 1198 1062 1254 nt
1075 1195 1221 1254 fructuo-
1301 1191 1302 1194 ’

254 1289 319 1348 sior
338 1308 404 1349 esse
424 1289 524 1365 possit
545 1294 600 1350 tue
620 1290 790 1368 pastoralis
812 1292 844 1350 S.
869 1289 958 1350 Sedis
984 1289 1120 1348 decretis
1138 1307 1219 1346 con-

254 1383 390 1444 formata
411 1384 592 1444 Instructio.

314 1478 440 1537 Interea
461 1495 531 1535 cum
552 1494 620 1536 eam
642 1475 885 1536 Instructionem
915 1479 1001 1536 tuem
1028 1473 1222 1552 perlegisse-

253 1587 334 1642 mus,
357 1569 508 1628 nonnulla
528 1567 714 1645 reperimus,
738 1586 816 1644 quae
837 1569 1022 1645 prudentiae
1044 1573 1115 1629 tuae
1137 1585 1223 1626 con-

254 1663 419 1722 sideranda
430 1679 654 1738 proponamus3
672 1665 783 1738 utpote
796 1680 875 1739 quae
889 1663 1017 1723 enodari
1033 1660 1221 1722 distinctius

253 1753 465 1830 explicarique
488 1754 668 1814 accuratius
690 1755 864 1831 postulent.
888 1758 931 1816 Ut
952 1756 1066 1834 pagine
1079 1755 1218 1832 septima

253 1847 425 1918 «Hostiae,
448 1846 563 1922 inquis,
586 1866 605 1907 a
626 1847 841 1908 Schismaticis
862 1853 1060 1909 consecratae
1082 1849 1112 1907 in
1128 1866 1215 1908 com·

252 1939 432 2000 »munione
459 1939 614 2000 Fidelium
638 1958 698 1998 non
720 1941 971 2015 distribuantur3
994 1945 1045 2001 sed
1068 1943 1215 2004 sacerdos

252 2031 358 2092 »illas
380 2033 412 2092 iu
434 2051 508 2092 vase
529 2035 642 2094 mundo
663 2037 758 2111 atque
779 2034 811 2092 in
832 2035 939 2112 aliquo
954 2036 1021 2094 loco
1035 2053 1133 2108 sacro,
1150 2054 1214 2094 non

251 2130 389 2188 »tamen
419 2128 639 2202 tabernaculo,
669 2129 817 2205 deponat,
840 2134 873 2188 et
895 2131 920 2188 si
942 2130 979 2190 ob
1008 2131 1214 2207 suspicionem

252 2220 451 2282 »celebrans
472 2227 543 2298 post
563 2223 811 2281 communionem
833 2241 892 2281 non
908 2227 1056 2296 sumeret,
1073 2242 1151 2300 aqua
1168 2224 1216 2282 di·

230 2319 233 2325 '
251 2313 369 2372 »latas
384 2317 416 2371 et
430 2319 595 2390 corruptas
611 2313 642 2372 in
659 2315 831 2374 sacrarium
845 2316 1005 2392 proiiciat.
1018 2333 1036 2376 a
1047 2319 1090 2376 At
1106 2322 1140 2376 ut
1156 2327 1216 2377 tua

251 2407 326 2465 haec
348 2407 554 2483 praescriptio
576 2407 681 2483 plane,
704 2411 799 2484 prout
820 2410 923 2482 debet,
945 2411 1119 2470 consentiat
1139 2428 1215 2470 cum

251 2500 386 2561 rubricis
408 2501 440 2558 in
462 2500 581 2560 missali
604 2501 772 2577 expositis,
791 2506 928 2578 oportet,
953 2509 988 2563 nt
1004 2503 1087 2562 hisce
1102 2505 1215 2564 verbis

251 2592 446 2652 declaretur:
469 2593 604 2653 Hostiae
625 2611 647 2653 a
667 2594 869 2656 schismatico
893 2599 1078 2672 presbytero
1099 2613 1217 2658 consc-

251 2695 361 2748 cratac
382 2687 598 2748 asservandus
619 2697 727 2760 eraut,
745 2689 844 2748 doaec
858 2692 976 2765 specics
989 2699 1216 2750 sacramenta-
1301 2719 1302 2768 3

252 2781 296 2840 les
307 2781 436 2856 faeriat
450 2781 581 2839 ommino
596 2790 786 2857 corruptae,·
800 2790 897 2859 atque
906 2793 979 2870 post
993 2784 1217 2844 omnimodam
1301 2799 1302 2838 ι

250 2886 359 2930 coram
380 2875 618 2949 corruptionem
637 2875 677 2934 da
691 2877 873 2936 sacrariam
888 2893 943 2936 sea
952 2878 1117 2951 piscimam
1132 2879 1218 2937 imii-
1301 2935 1302 2942 ,

250 2966 394 3024 ciaatar.
1301 3021 1302 3030 ι

309 3059 430 3134 Pagina
450 3077 527 3118 vero
543 3078 624 3119 nona
638 3061 752 3120 iustam
767 3079 936 3138 veramque
951 3079 1024 3122 sane
1039 3063 1160 3139 profers
1178 3065 1214 3125 in
1301 3047 1302 3060 ἢ

249 3149 325 3208 haec
347 3149 443 3210 verba
461 3151 661 3210 sententiam:
679 3170 696 3214 a
711 3153 944 3213 Glandestinum
966 3159 999 3214 et
1020 3155 1141 3232 pariter
1163 3156 1217 3216 iu·
1301 3207 1302 3210 ,

248 3245 484 3309 ›validandum
504 3254 553 3308 est
574 3249 807 3310 matrimonium
828 3253 1020 3314 celebratum
1036 3271 1139 3314 coram
1160 3255 1216 3315 in·
1301 3267 1302 3270 ’

247 3345 382 3413 struae,
406 3345 462 3402 aut
483 3341 546 3400 alio
568 3343 606 3401 ab
628 3343 684 3402 hoc
706 3346 865 3421 deputato.
882 3365 901 3407 a
917 3350 1034 3407 Verum
1050 3367 1118 3408 cum
1134 3367 1212 3409 con·
1301 3389 1302 3408 2

248 3431 372 3510 tingere
386 3434 486 3510 possit
505 3433 610 3511 aliquo
633 3437 665 3494 in
686 3436 766 3510 loeo,
783 3443 819 3497 ut
832 3440 997 3500 deficiente
1013 3443 1147 3519 parocho
1161 3443 1214 3502 le·

248 3524 379 3604 gitimo,
406 3527 458 3587 vel
486 3527 549 3589 alio
578 3531 738 3590 sacerdote
765 3532 803 3590 de
823 3533 952 3609 parochi
973 3553 1026 3595 sen
1047 3535 1212 3596 ordinarii
1301 3567 1302 3636 ι
