2632 4262
66 381 138 425 sum
154 367 187 424 et
200 363 362 440 depulsum
384 365 503 423 certam
520 363 634 424 alicubi
650 365 760 427 Sedem
781 365 1028 429 nancisceretur.

67 459 169 519 Huius
188 475 246 535 ego
268 457 329 530 rei,
345 460 458 518 Patres
479 458 747 533 Eminentissimi,
770 459 862 520 testis
883 477 965 534 sum,
977 463 1032 539 qui
1051 534 1053 538 .

68 552 137 612 sine
157 552 297 614 lacrimis
319 551 497 612 meminisse
520 570 637 629 nequeo
659 552 865 628 litterarum,
887 573 963 632 quas
988 557 1030 617 ad

70 664 120 706 me
134 647 232 708 Pater
246 646 383 723 optimus
403 649 437 707 et
458 646 523 706 suis
544 647 672 708 collatis
693 647 925 710 immortalibus
941 651 1034 711 bene·

70 738 151 800 ficiis
173 743 223 800 ter
244 741 399 802 maximus
426 742 530 813 dedit,
557 759 690 818 quorum
709 743 896 803 >recordatio
915 745 1030 806 saltem

71 834 213 910 (qnando
239 835 301 896 iam
323 835 420 896 aliter
448 835 625 914 nonlicet)
648 835 862 913 gratissimum
891 837 1029 898 animum

70 928 320 1006 omnitempore
341 945 443 988 meum
465 928 614 990 habitura
634 931 694 988 est.
709 929 766 988 His
788 929 889 1007 igitur
909 931 1029 992 litteris
1086 925 1096 942 ”

70 1023 106 1078 et
126 1038 218 1097 quam
238 1021 329 1081 Patri
352 1021 477 1098 Optimo
499 1021 586 1080 cordi
614 1025 698 1082 esset
719 1021 808 1082 Fidei
830 1023 1027 1102 propagatio,

72 1112 187 1185 tutela,
204 1113 341 1174 defensio
363 1114 510 1191 patebat3
526 1117 560 1173 et
573 1116 697 1174 constat
717 1117 868 1190 quantum
889 1117 1030 1178 consola·

71 1205 168 1265 tionis
189 1209 222 1266 et
243 1207 468 1268 delectationis
483 1207 616 1286 ceperit,
632 1207 684 1267 ubi
697 1209 827 1268 Sacrum
842 1209 1028 1272 institutum

71 1315 159 1374 posse
179 1300 307 1360 Patavii
336 1301 507 1361 consistere
535 1301 708 1360 intellexit.
732 1301 867 1378 Reliqua
893 1321 969 1364 cura
989 1305 1027 1366 da

70 1393 209 1468 parando
235 1397 306 1470 post
333 1399 466 1454 mortem
495 1411 582 1454 suam
611 1395 729 1470 optimo
754 1396 910 1457 Ecclesiae
941 1401 1028 1459 statu
1134 1382 1137 1391 ¹

69 1488 163 1558 erat3
186 1505 223 1546 ne
244 1491 418 1563 temporum
440 1486 652 1566 perversitate
674 1487 725 1546 vel
746 1487 858 1549 scissae
879 1506 952 1548 oves
972 1506 1028 1550 vs·

70 1597 140 1640 rum
158 1582 322 1640 Pastorem
343 1580 529 1658 ignorarent
550 1599 652 1653 suum,
668 1581 831 1657 quanulla
850 1582 914 1642 alia
927 1583 1028 1643 maior

70 1676 176 1750 potest
197 1692 263 1734 esse
284 1675 465 1750 calamitasa
487 1675 540 1735 vel
561 1674 614 1752 qui
635 1677 800 1735 Pastorem
821 1675 958 1753 deligere
973 1677 1028 1736 de-

70 1769 192 1840 berent,
215 1773 347 1844 propter
367 1769 467 1845 ipsam
482 1771 658 1845 temporum
672 1768 832 1828 miseriam
854 1771 887 1828 et
907 1769 1028 1830 acerbi-

70 1864 171 1921 tatem
192 1861 420 1938 impedirentur
440 1862 574 1940 legibus,
590 1862 753 1938 quominus
775 1863 853 1938 quod
874 1866 958 1923 esset
978 1863 1028 1925 sui

69 1956 209 2016 muneris
234 1959 268 2016 et
292 1955 427 2016 maxime
456 1957 626 2034 cuperent,
656 1960 781 2032 possent
809 1955 970 2031 perlicere,
991 1959 1026 2018 In
1104 1945 1107 1951 ¹

69 2067 163 2126 quam
184 2066 251 2108 rem
273 2047 410 2108 omnium
439 2065 589 2108 summam
611 2052 644 2108 et
664 2049 800 2107 maxime
822 2050 1027 2112 necessariam

70 2160 147 2218 quas
155 2141 391 2202 sollicitudines
412 2141 521 2201 beatus
542 2143 658 2202 Pastor
679 2140 864 2212 contulerit,
880 2159 956 2216 quos
969 2160 1028 2219 ego

69 2235 122 2295 vol
136 2235 271 2314 maiores
286 2234 337 2294 vel
353 2233 511 2312 digniores
532 2235 642 2306 testes,
655 2249 748 2308 quam
763 2249 819 2290 vos
833 2232 929 2309 ipsos,
941 2233 1028 2294 Emi·

69 2328 247 2389 nantissimi
267 2329 391 2402 Patres,
414 2327 587 2405 appellabo,
609 2327 648 2386 ad
670 2343 745 2402 quos
767 2343 818 2385 res
840 2329 910 2386 tota
930 2327 1029 2403 perti-

67 2421 235 2483 nuitl¹His
256 2424 289 2481 et
314 2421 388 2482 aliis
419 2419 700 2481 innumerabilibus
729 2437 785 2496 pro
806 2419 946 2480 Ecclesia
972 2438 1029 2482 sua

67 2515 154 2576 euris
171 2518 340 2592 occupatus
351 2531 482 2592 magnus
496 2512 630 2584 animus,
646 2531 777 2591 corpore
792 2511 932 2590 captivo,
945 2517 1030 2574 eratd

113 2611 189 2671 .Sad
210 2609 264 2688 qui
289 2609 466 2670 extinctum
492 2608 662 2680 volebant,
685 2607 897 2684 querebantur
923 2625 1027 2668 seeum

68 2703 128 2781 ipsi
159 2704 268 2777 taciti,
291 2702 484 2780 decrepitum
512 2703 546 2760 et
566 2700 809 2761 semimortuum·
824 2701 937 2759 Senem
965 2717 1027 2760 non

66 2798 170 2858 adbuc
185 2815 308 2858 omnem
328 2797 420 2856 mori.
436 2796 573 2862 Quorum
595 2793 762 2870 impatiens
777 2793 838 2854 iam
859 2809 965 2852 morae
980 2792 1029 2853 fn·
1089 2793 1095 2809 '

67 2907 124 2952 ror
146 2891 199 2951 diu
220 2909 253 2952 se
274 2890 417 2951 cohibere
439 2907 499 2949 uon
518 2887 632 2964 potuit.
649 2889 733 2964 Ergo
754 2903 868 2946 novum
890 2885 953 2946 iter
974 2889 1027 2947 de·
1140 2882 1143 2888 ’

65 2983 205 3062 fatigato
226 2983 522 3060 fractoqueuetere
552 2974 668 3042 itinere
689 2981 781 3040 beato
802 2979 876 3040 Seni
897 2983 1027 3056 parant3

65 3076 193 3153 iamque
214 3078 304 3138 Senis
332 3076 505 3138 abeundum
525 3091 592 3134 esse
621 3073 782 3134 nunciant.
806 3075 911 3150 Lupus
940 3075 1028 3150 sequi

64 3171 183 3232 Pastor
203 3171 341 3248 cogitur,
363 3186 438 3247 quos
459 3167 523 3230 iam
544 3185 605 3226 non
627 3167 678 3227 vis
699 3186 718 3228 a
738 3184 834 3245 grege
856 3166 1035 3244 depellere,

65 3282 129 3324 non
144 3265 271 3326 flectere
285 3265 397 3343 pietas,
411 3280 470 3322 non
485 3259 873 3324 emollire'commiseratio
887 3263 1027 3337 poterut3

64 3377 161 3436 seque
183 3359 254 3421 viae
274 3357 458 3430 committit,
471 3357 540 3433 lpse
554 3355 730 3432 intrepidus
752 3354 868 3428 animo,
891 3354 941 3414 illi
962 3357 1030 3416 tre·

64 3452 134 3530 pidi
148 3469 188 3512 ne
203 3471 262 3512 non
284 3452 416 3512 occidat.
431 3452 493 3516 Sed,
506 3467 597 3527 quem
612 3452 771 3510 statuerat
783 3451 877 3522 Deus,
891 3449 1028 3508 nondum

63 3551 139 3609 erat
152 3545 334 3608 certaminis
345 3539 624 3606 finisallxhaus'tus
637 3542 764 3615 Pastor,
780 3557 839 3602 nou
850 3541 1030 3612 extinctus,

910 3644 927 3678 tu
