2582 4270
271 429 341 472 cum
362 412 412 470 his
433 412 556 474 artibus
577 413 615 471 ad
638 430 708 472 suas
723 415 830 488 partes
849 411 1017 472 maximam
1032 408 1139 487 populi
1156 410 1249 469 mul-

270 505 439 566 titudinem
461 506 651 580 illexissent,
674 508 712 567 ad
734 509 885 580 eandem,
907 523 964 583 per
984 522 1089 564 omncs
1111 503 1246 564 Galliae

270 599 469 676 provinciae,
491 601 591 677 magis
613 601 773 678 magisque
796 619 852 678 ope
880 619 916 660 ac
938 599 1099 677 promissis
1113 599 1246 658 lactan·

270 693 353 764 dam,
376 710 429 753 seu
452 696 559 770 potius
583 693 794 769 illudendam,
817 693 987 771 speciosum
1009 693 1087 752 illud
1114 691 1248 768 raperi-

271 789 345 846 rent
359 786 518 848 libertatis
533 805 656 859 nomen,
669 805 835 864 omnesque
850 787 888 848 ad
903 787 971 848 eius
991 787 1077 847 elata
1096 784 1244 862 insignia

273 897 309 937 ac
331 880 451 942 vexilla
470 884 652 941 evocarent.
676 883 759 942 Haec
787 882 845 941 illa
873 899 982 958 nempe
1003 879 1245 955 Philosophiae

274 973 405 1032 libertas
424 981 485 1048 est,
501 993 580 1050 quae
600 973 677 1033 illuc
700 977 885 1050 apostatat
906 977 1151 1051 corrumpantur
1166 970 1243 1031 ani-

272 1067 327 1139 mi,
344 1071 380 1126 ut
393 1069 607 1144 depraventur
628 1069 749 1146 mered,
766 1073 801 1128 ul
819 1069 918 1128 omnis
932 1070 1052 1146 Legum
1077 1085 1113 1127 ac
1126 1082 1242 1125 rerum

273 1161 410 1220 omnium
439 1163 514 1221 ordo
542 1163 758 1222 subvertatur.
781 1164 856 1222 Eam
887 1165 1055 1239 propterca
1076 1158 1240 1220 Gallicani

273 1253 349 1312 cleri
371 1261 544 1314 conventus
564 1255 627 1315 fuit
648 1257 822 1314 detestatus
844 1253 888 1332 (1)
914 1255 977 1314 iam
1000 1253 1031 1312 in
1053 1252 1153 1329 plebis
1168 1250 1243 1309 ani-

272 1362 337 1405 mos
359 1365 415 1424 per
435 1348 654 1410 fallacissimas
668 1349 861 1425 irrepentem
876 1347 1069 1418 sententiam
1085 1362 1154 1404 cam
1169 1345 1239 1404 Nos

272 1441 334 1518 ipsi
348 1441 380 1500 in
395 1447 572 1503 memorata
592 1442 761 1519 Encyclica
779 1443 863 1501 hisce
878 1441 983 1500 verbis
999 1439 1237 1516 designandam,

273 1535 552 1611 declarandamque
574 1535 737 1594 duximus:
755 1534 798 1593 Id
808 1542 980 1611 praeterea
994 1532 1242 1610 apprsdiuutur

269 1629 488 1708 perditissimi
506 1628 707 1706 philosophi,
731 1636 769 1687 ut
789 1630 905 1704 quibus
926 1628 1071 1686 homiues
1091 1625 1239 1684 vinculis

273 1725 362 1781 iuter
383 1738 424 1791 se,
449 1729 547 1798 atque
568 1739 640 1782 cum
661 1722 906 1782 dominantibus
920 1724 1179 1798 coaiuupuatur,
1206 1722 1238 1774 et

274 1819 312 1874 iu
333 1815 432 1891 officio
453 1817 675 1887 contineatur,
696 1834 734 1877 ea
755 1820 868 1876 amaia
888 1818 1081 1886 dissoloaut;
1100 1813 1237 1872 liberum

275 1909 437 1968 homiaem
457 1911 551 1969 nasci
571 1911 614 1969 ad
634 1928 791 1970 nauseam
811 1928 911 1989 usque
933 1909 1119 1978 clamitant,
1143 1923 1239 1982 repe·

272 2009 426 2079 ruutque,
448 2019 507 2062 uec
527 2005 719 2080 cuiusquam
733 2006 909 2064 obuoccium
930 2005 1077 2080 imperio:
1099 2002 1236 2060 societa-

274 2103 337 2155 tem
354 2106 527 2173 propterea
545 2101 794 2159 multitudinem
825 2117 888 2159 esse
920 2099 1087 2158 aouztuum
1110 2099 1238 2172 inepto-

272 2206 368 2260 rum,
392 2206 455 2267 quo
475 2207 506 2249 se
524 2198 714 2266 prosternat
733 2193 910 2268 stupiditas
931 2209 1038 2252 coram
1059 2189 1234 2250 sacerdoti-

274 2287 340 2355 bus,
365 2301 385 2342 a
405 2285 521 2359 quibus
541 2284 761 2362 decipiantur,
785 2303 892 2346 coram
912 2287 1051 2363 rapidus,
1076 2303 1097 2343 a
1117 2285 1234 2360 quibus

273 2379 516 2454 opprimantur;
537 2379 615 2439 adeo
636 2387 674 2438 ut
696 2378 875 2440 Concordia
896 2381 984 2440 iuter
1005 2379 1231 2448 sacerdotium,

274 2481 305 2532 et
326 2474 499 2548 imperium
518 2474 608 2532 aibil
627 2476 671 2533 sit
692 2475 796 2545 aliud,
821 2491 919 2551 quam
940 2472 1232 2546 immaniscoaspi·

273 2567 361 2624 ratio
382 2573 497 2625 coutra
518 2568 653 2625 iusitam
675 2567 802 2626 homiui
829 2569 1021 2627 libertatem.
1044 2565 1138 2625 Falso
1159 2563 1232 2622 huic

273 2675 308 2717 ao
330 2659 471 2718 mendaci
492 2657 670 2718 Libertatis
691 2659 808 2740 nomini
829 2659 880 2720 illi
901 2659 1014 2720 iactari
1035 2657 1159 2718 humani
1179 2673 1234 2733 ge-

272 2750 357 2809 neris
378 2751 501 2828 patroni
525 2753 738 2813 adiunxerant
757 2753 844 2812 alind
870 2771 967 2830 aeque
994 2752 1093 2812 fallax
1122 2766 1229 2809 nomen

273 2847 513 2923 Aequalitatis,
537 2847 622 2908 iuter
650 2849 792 2909 homines
812 2849 956 2922 scilicet,
978 2849 1031 2927 qui
1053 2849 1084 2907 in
1106 2846 1230 2907 civilem

273 2941 455 3000 societatem
476 2940 630 3014 coierunt,
645 2931 733 3018 qnasi
755 2943 804 3002 illi
825 2961 895 3002 cum
917 2943 1015 3003 variis
1030 2941 1153 3002 obnoxii
1167 2940 1230 3000 sint

273 3033 448 3121 animorum
469 3034 695 3108 affectionibus,
719 3055 754 3095 ac
776 3037 807 3094 in
829 3036 970 3096 diversos
991 3038 1105 3098 abeant
1130 3036 1230 3094 incer·

272 3131 381 3204 touque
412 3144 468 3203 pro
496 3145 552 3186 sua
579 3128 728 3205 cuiusque
750 3129 881 3190 libidine
903 3134 1029 3203 motus,
1053 3147 1141 3188 nemo
1161 3148 1225 3188 esse

334 3307 368 3362 (l)
385 3306 477 3355 Proeto
496 3308 586 3355 verbsl
606 3309 640 3356 du
660 3309 747 3368 clsrgi
768 3309 799 3357 de
819 3310 918 3360 l’annds
939 3313 1015 3369 1745,
1039 3310 1133 3360 Sdancc
1148 3315 1224 3360 LVII.

272 3383 743 3444 pos.110.L'cspritd'inddpendancs
759 3389 787 3434 st
801 3388 909 3435 l’amour
924 3388 999 3435 d’una
1015 3387 1105 3436 liberti
1120 3389 1229 3436 eunomia

273 3456 304 3506 ds
319 3461 390 3506 toute
407 3459 523 3517 autenti,
542 3462 587 3508 ont
602 3463 721 3519 toujonrs
737 3461 821 3510 anime
838 3467 903 3510 cetto
920 3465 1002 3522 Secta
1019 3466 1045 3512 st
1061 3466 1106 3511 ont
1120 3464 1228 3511 laltcon-

273 3531 432 3582 natussum
449 3536 515 3581 cette
531 3537 651 3594 provinca
668 3535 699 3584 de
715 3538 787 3594 qucls
802 3538 876 3585 excbs
892 3539 926 3586 ils
940 3542 999 3586 cont
1015 3541 1140 3598 capablcs.
1151 3541 1185 3586 lls
1197 3554 1227 3588 uc

271 3612 359 3657 urant
367 3610 431 3658 bons
442 3611 522 3669 euicta
532 3613 666 3682 qu'autant
675 3625 724 3671 que
733 3613 760 3661 la
771 3615 868 3662 crainte
878 3614 916 3663 les
926 3617 1083 3664 couticndra.
