2606 4268
275 373 379 434 omnia
400 375 500 434 adhuc
521 380 625 435 essent
645 375 779 447 incerta,
793 374 950 450 ambigua,
970 375 1064 446 atque
1085 367 1182 426 infida
1203 363 1243 423 ab

274 467 331 527 illo
360 471 468 544 hoste,
491 469 545 546 qui
574 472 707 546 undique
735 468 928 545 irruptiones
956 465 1106 535 molitur,
1130 458 1243 519 diffun-

275 563 382 639 ditque
395 582 629 647 quoquoversus
641 583 767 624 suorum
779 579 938 623 armorum
950 564 1100 620 terrores.
1114 557 1160 616 At
1172 552 1243 611 nul·

275 655 307 715 la
321 657 611 740 proiectoformido
624 661 688 720 Nos
703 658 741 717 ab
755 658 813 716 illa
827 675 880 734 spe
895 655 1029 714 deiicere
1043 651 1161 728 potest,
1181 662 1242 722 qua
1292 683 1293 690 κ

275 750 308 808 in
330 751 436 810 divino
458 753 629 812 solidamur
650 752 825 829 praesidi03
848 750 936 810 cuius
958 751 1007 808 tot
1027 741 1157 822 egregia
1178 739 1241 798 iam

277 845 444 915 retulimus
472 849 583 905 contra
609 845 741 905 hostiles
767 849 897 904 conatus
918 841 1111 902 documenta.
1135 835 1241 894 Abeo
1292 917 1293 922 η

276 957 381 1015 paoem
403 940 525 999 assidue
546 941 745 1018 flagitamus,
768 939 909 1000 sedeam
931 951 1059 1012 pacem,
1082 946 1162 1007 quae
1186 927 1242 985 Ec-
1292 935 1293 958 l

275 1031 388 1092 clasiae
410 1033 567 1109 proficiat,
589 1052 666 1110 quae
687 1031 802 1092 amissa
822 1035 959 1107 reparet,
983 1043 1061 1103 quae
1087 1019 1242 1096 dissipata

276 1133 460 1204 congreget,
483 1147 569 1203 quae,
583 1127 737 1202 dispersos
758 1128 900 1202 pastores
922 1121 1089 1195 fidelesque
1118 1118 1241 1173 ceteros

275 1223 312 1280 ad
335 1239 391 1280 sua
412 1225 540 1279 revocet
562 1239 661 1292 sacra,
686 1208 814 1297 templa,
830 1216 1020 1285 ministeria,
1040 1209 1242 1270 aberrantes-

275 1335 333 1394 que
355 1334 373 1375 a
395 1316 506 1376 saluti-s
522 1317 574 1375 via
589 1317 626 1376 ad
650 1317 796 1376 amissum
813 1312 962 1372 veritatis
977 1310 1083 1368 lumen
1098 1303 1238 1361 inducat.
1292 1347 1293 1356 ,

274 1412 360 1470 Hanc
382 1411 445 1470 Nos
466 1413 568 1469 tecum
591 1413 624 1468 et
646 1427 715 1468 cum
737 1408 894 1467 similibus
913 1403 1106 1479 suspiramus
1122 1411 1239 1472 pacem,

273 1521 309 1562 ac
331 1505 488 1562 vobiscum
511 1521 675 1578 numquam
699 1503 880 1576 interrupta
909 1502 983 1556 vota
1010 1489 1238 1566 coniungimus.

274 1597 418 1672 Tibique‚
443 1598 556 1656 dilecte
578 1597 642 1656 Fili
663 1599 790 1669 Noster,
808 1601 843 1654 ut
864 1597 897 1652 et
918 1592 1041 1650 felicem
1057 1586 1150 1646 huius
1166 1580 1240 1642 anni
1292 1619 1293 1622 η

275 1691 465 1766 ingressum,
478 1695 511 1749 ct
525 1691 697 1749 feliciorem
710 1691 828 1748 exitum
842 1689 874 1746 in
886 1685 1016 1746 Domino
1028 1675 1239 1754 consequaris

274 1782 751 1858 Apostolioam'Benedictionem
763 1781 944 1840 divinorum
956 1789 1121 1835 munerum
1136 1767 1243 1844 auspi-

275 1892 340 1934 cem
363 1882 564 1951 peramanter
586 1875 797 1950 impertimur.

337 1971 448 2027 Datum
473 1971 590 2028 Romae
615 1968 664 2026 die
685 1969 761 2026 XXI
782 1963 920 2025 Ianuarii
942 1959 1147 2029 MDOOXCV‚
1163 1957 1243 2014 Pon·

277 2061 415 2122 tiflcatus
437 2063 547 2122 Nostri
570 2081 650 2121 anno
671 2063 743 2122 XX.

664 2265 858 2320 xxxffl.

614 2405 908 2468 RISPOSTA

307 2563 407 2638 'Allo
426 2579 779 2640 Memoria·trasmcssa
799 2597 857 2638 con
880 2581 913 2638 lu
933 2577 970 2636 di
991 2575 1050 2636 Lei
1073 2578 1190 2636 lettera

562 2689 650 2764 dupli
671 2688 693 2745 8
712 2686 828 2746 Murro
852 2684 950 2744 1795.

337 2895 460 2955 Presosi
482 2895 514 2953 in
542 2895 789 2968 consideracione
811 2892 895 2952 dalla
922 2891 1095 2968 particolar
1116 2907 1245 2966 congre-

278 2988 404 3066 gazione
429 2989 578 3063 deputata
599 2987 682 3063 sugli
704 2984 795 3046 affari
815 2984 1019 3044 ecclesiastici
1043 2984 1075 3042 di
1095 2984 1242 3056 Francia,

277 3081 303 3139 il
324 3084 493 3138 contenuto
515 3079 599 3138 della
620 3081 708 3138 detta
728 3077 925 3150 memoriae
947 3082 1065 3137 ronuta
1086 3079 1171 3138 nella
1191 3081 1245 3136 de-

278 3172 503 3233 terminatione
524 3171 823 3248 coll'approvanione
845 3172 877 3230 di
905 3173 1021 3253 Nostro
1044 3171 1189 3254 signore,
1213 3173 1243 3230 di

278 3266 410 3326 rendere
432 3265 534 3324 inteso
555 3265 605 3324 chi
627 3267 667 3324 ha
688 3282 845 3340 promosse
867 3265 897 3324 le
919 3266 1037 3330 istanze
1059 3267 1144 3326 nella
1157 3268 1245 3326 detta

279 3359 428 3418 memoria
440 3359 521 3416 delle
536 3357 715 3417 risoluzioni
730 3375 819 3433 prese
830 3367 979 3436 rapporto
990 3359 1052 3418 alle
1065 3359 1242 3418 medesime.

340 3453 367 3510 1.
385 3451 548 3526 Riguarda
561 3451 593 3510 la
608 3452 710 3527 prima
731 3451 755 3510 il
771 3452 970 3528 giuramento
992 3453 1023 3512 di
1043 3453 1161 3512 liberta
1182 3472 1199 3512 e
1215 3454 1244 3512 di

278 3543 491 3622 eguagliauza.
