2606 4268
127 383 268 444 Dubium
296 387 441 444 tertium.
463 385 577 443 Utrum
608 383 690 442 tales
714 382 913 454 sacerdotes,
940 381 1032 442 dictis

69 479 166 538 modis
183 483 217 539 et
238 479 333 539 electi
352 485 386 539 et
405 477 548 538 instituti
576 480 614 537 ad
637 479 793 538 Ecclesiae
819 485 883 538 tum
905 494 1031 544 vacuas,

68 573 133 630 tum
158 571 252 631 etiam
274 572 392 648 plenas,
417 572 473 630 hoc
489 571 557 647 ipso
581 573 730 632 excidant
744 591 763 632 a
775 572 922 648 delegata
940 569 1035 628 iuris·

67 666 203 726 dictione
225 685 317 742 quam
333 665 525 725 ⁴obtinebant
546 666 578 724 in
601 667 713 725 iisdem
732 657 894 736 Ecclesiis,
911 683 964 724 seu
979 663 1034 724 Vi-

65 760 221 819 cariorum
246 778 377 819 munere
395 759 574 836 iungentes,
593 779 645 819 seu
670 765 828 836 tamquam
844 757 1033 834 simpliciter

65 852 229 929 approbati
250 854 287 910 ad
306 852 506 928 excipiendas
528 851 667 911 fidelium
690 851 910 910 confessiones.

121 947 334 1021 Responsum.
352 945 516 1005 Praefatae
538 947 716 1005 sacerdotes
738 945 892 1004 excidisse
911 961 929 1002 a
948 942 1030 1002 dele-

65 1043 139 1114 gata
153 1039 371 1098 iurisdictione
386 1056 478 1114 quam
498 1038 682 1098 obtinebant
697 1038 729 1096 in
745 1038 855 1097 iisdem
870 1035 1031 1103 Ecclesiis,

64 1149 116 1191 seu
136 1132 338 1192 Vicariorum
361 1150 487 1192 munere
506 1132 685 1211 iungentes,
705 1151 758 1191 seu
781 1136 940 1207 tamquam
957 1131 1032 1189 sim·

64 1225 192 1302 pliciter
206 1225 370 1302 approbati
390 1229 426 1285 ad
443 1225 642 1303 excipiendas
657 1225 796 1285 fidelium
812 1224 1029 1283 consessiones.

122 1318 267 1378 Dubium
278 1326 445 1396 quartum.
462 1319 496 1378 Si
508 1319 589 1378 idem
602 1319 771 1395 Episcopus
783 1317 879 1377 alicui
890 1335 928 1376 ex
942 1333 1033 1392 prae-

63 1411 139 1471 fatis
162 1413 377 1471 sacerdotibus
399 1412 537 1472 dixerit:
554 1430 573 1472 a
589 1413 741 1489 Quidquid
766 1411 809 1471 sit
831 1413 867 1471 de
890 1413 945 1470 tua
966 1411 1030 1469 ele·'

63 1505 201 1564 »ctione
214 1521 250 1563 ac
266 1504 489 1578 institutione,
506 1505 634 1565 confero
650 1505 709 1564 tibi
726 1522 831 1564 omnes
846 1505 1030 1564 soleditates

63 1598 267 1674 »requisitas
288 1600 326 1658 ad
349 1599 554 1658 absolvendos
576 1589 767 1674 peccatores,
783 1599 820 1658 ad
843 1596 1032 1656 celebranda

63 1690 310 1763 matrimonia,
334 1695 396 1750 eto.
419 1691 478 1750 tibi
500 1692 702 1751 committens
723 1691 827 1751 omnia
849 1689 919 1749 iura
934 1690 1033 1747 Paro-

63 1785 337 1851 ›ohi.»Quaeres
358 1785 482 1861 qualem
504 1787 619 1846 sortita
640 1785 739 1844 fuerit
761 1784 906 1844 effectum
923 1783 1032 1841 huius-

63 1879 145 1937 modi
167 1879 356 1938 commissio.

122 1974 336 2049 Responsum.
351 1975 479 2034 Nullum
495 1993 623 2051 prorsus
635 1975 778 2038 effectum
794 1972 942 2032 sortitam
952 1969 1031 2029 iuis·

64 2083 94 2124 se
117 2065 296 2124 huiusmodi
318 2068 579 2126 commissionem.
667 2101 670 2106 ·

113 2158 258 2218 Dubium
271 2164 436 2238 quintum.
446 2160 635 2227 Quibusnam
649 2163 754 2237 poenis
767 2158 923 2218 canonicis
936 2157 1031 2216 subii·

64 2251 192 2311 cientur
206 2253 354 2326 Parochi,
368 2254 466 2312 modis
480 2254 625 2330 specialis
644 2254 738 2313 electi
757 2258 852 2328 atque
874 2250 1026 2310 instituti.

124 2347 337 2422 Responsum.
360 2349 518 2406 Parochcs
540 2348 593 2424 qui
615 2366 692 2426 pure
714 2350 747 2406 et
769 2344 956 2422 simpliciter
977 2342 1029 2402 iu-

63 2443 241 2499 ramentum
263 2439 396 2498 civicum
424 2442 673 2517 praestiterunt,
697 2439 810 2499 subiici
832 2437 1027 2516 suspensioni

63 2533 99 2591 ab
120 2532 277 2592 exercitio
298 2533 517 2610 cuiuscumque
541 2535 672 2608 ordinis,
695 2535 780 2594 latae
803 2553 820 2593 a
842 2534 898 2592 SS.
912 2525 949 2592 Ῑ).
964 2533 1029 2592 Νο-

62 2631 126 2685 stro
148 2626 183 2684 in
205 2625 395 2702 Apostolieis
415 2627 552 2688 Litteris
574 2628 635 2687 diei
652 2629 690 2687 13
704 2628 825 2704 Aprilis
847 2627 920 2688 anni
938 2625 1026 2686 1791:

62 2718 136 2778 item
162 2719 287 2778 subiici¹
306 2721 445 2779 censuris
475 2721 618 2780 omnibus
640 2739 658 2780 a
680 2721 749 2780 iure
778 2719 928 2778 canonico
951 2717 1028 2777 latis

62 2818 175 2872 contra
195 2813 415 2885 adhaerentes,
432 2816 488 2874 aut
508 2813 651 2872 fautores
674 2813 811 2872 haeresis
825 2814 859 2870 et
877 2811 1028 2869 schisma-

61 2906 118 2964 tis:
144 2907 270 2964 dcmum
293 2905 404 2965 subiici
427 2907 566 2966 censuris
588 2907 618 2964 in
642 2908 711 2964 iure
731 2904 878 2964 canonico
900 2902 1028 2962 inflictis

62 3000 214 3057 adversus
235 2998 362 3074 eosqui
385 2999 534 3058 electioni
556 3001 593 3057 de
608 3017 640 3057 se
656 2989 764 3058 'factae
786 2994 1028 3073 persaecularis

62 3090 233 3165 potestatis
254 3088 383 3150 abusum
405 3091 583 3151 consentire
606 3091 885 3168 praesumpserint.

120 3185 265 3243 Dubium
293 3193 432 3244 scutum.
456 3187 497 3245 Et
523 3202 601 3260 quae
634 3184 673 3244 ab
695 3184 771 3260 ipsis
794 3182 1028 3245 satisfactiones

63 3277 259 3355 exigendae?

119 3373 333 3448 Responsum.
353 3371 401 3430 Ab
423 3369 462 3429 iis
483 3368 537 3446 qui
559 3368 771 3428 iuramentum
792 3369 929 3429 civicum
951 3385 1028 3446 pure

64 3468 94 3523 et
113 3464 308 3540 simpliciter
329 3464 515 3535 emiserunt,
531 3462 616 3539 exigi
638 3462 750 3522 debere
764 3465 842 3538 quod
866 3463 1027 3522 iuramen-

65 3561 129 3616 tum
151 3559 334 3618 retractent
350 3556 478 3633 publiee
494 3561 527 3614 et
542 3556 656 3632 palam,
670 3560 764 3632 atque
789 3555 929 3614 fidelium
942 3571 1028 3613 soan-
