2606 4268
52 389 120 448 tere
148 387 356 461 conantibus,
380 407 412 448 se
434 389 626 466 opposuerit.
649 389 761 450 Grevit
788 393 893 450 autem
922 408 1018 469 supra

53 483 177 541 modum
192 483 341 558 gaudium
354 485 519 556 Nostrum,
541 502 611 543 cum
626 488 713 544 tuam
726 485 942 560 perspeximus
957 485 1019 546 sol·

52 574 249 634 licitudinem
271 579 421 653 tuumque
442 578 555 638 ardens
586 577 749 651 studium,
773 597 833 655 quo
854 579 947 639 enixe
968 599 1017 640 co-

53 668 139 728 naris
160 668 199 729 ab
220 687 297 746 agro
324 670 448 730 Domini
476 672 643 732 eradicare.
657 671 794 744 zizania,
818 677 855 733 ut
875 691 1017 734 crescere

54 763 197 822 triticum
218 764 328 839 possit.
344 765 431 829 Quod
446 765 528 838 unis,
541 771 575 825 et
589 765 702 858 alteris
718 765 781 827 tuis
802 765 1013 843 pastoralibus

53 856 196 933 epistolis
216 857 408 918 mirabiliter
429 862 588 935 praestas:
612 859 645 917 in
667 858 707 918 iis
727 860 809 919 enim
832 880 893 920 non
915 861 1016 922 solum

54 951 173 1010 clerum
195 953 228 1010 et
248 951 397 1028 populum
419 952 564 1012 instruis:
581 951 614 1010 in
632 953 775 1014 doctrina
796 972 882 1026 sana,
905 971 1018 1013 verum
1065 1007 1068 1012 n

54 1042 149 1103 etiam
171 1061 232 1120 quo
253 1043 391 1104 maximo
412 1050 500 1122 potes
521 1045 618 1106 animi
640 1046 688 1106 tui
710 1047 822 1106 ardore
843 1047 1020 1108 funestissi-

55 1153 120 1194 mas
134 1135 271 1196 luctuosi
287 1138 476 1210 schismatis,
500 1133 581 1216 q'uod
597 1143 688 1202 tanto
710 1139 773 1200 fuit
787 1141 955 1218 gallicanis
969 1158 1019 1200 ec·

55 1228 159 1288 clesiis
181 1230 385 1303 detrimento,
408 1232 662 1294 circumstantias
683 1234 830 1310 graphice
852 1235 926 1294 ante
948 1233 1020 1293 illo-

54 1339 126 1382 rum
149 1324 254 1382 oculos
275 1325 376 1401 ponis,
393 1329 430 1385 ut
450 1329 484 1386 ct
505 1326 582 1386 illud
606 1326 689 1387 sicut
703 1329 840 1404 oportet,
863 1327 1020 1386 detesten-

55 1420 121 1490 tur,
137 1421 172 1478 et
185 1423 320 1480 caveant
333 1438 485 1498 perquam
500 1421 753 1500 diligentissime,
767 1442 805 1482 ne
817 1424 1019 1500 imposterum

54 1511 104 1571 illi
126 1513 342 1586 consentiant,
367 1533 451 1574 neve
466 1516 555 1575 illius
575 1517 645 1576 labe
667 1535 699 1576 se
719 1516 820 1593 pollui
842 1515 1016 1597 patiantur.

113 1605 228 1666 Elucet
248 1611 416 1684 praeterea
437 1609 568 1668 mirifice
594 1611 764 1686 prudentia
791 1613 847 1670 tua
870 1610 901 1668 in
927 1625 1019 1686 quam

53 1699 199 1776 pluribus
219 1701 372 1774 decretis,
396 1721 474 1779 quae
500 1702 533 1761 in
561 1704 769 1764 instructione
795 1705 880 1764 clero
901 1702 1022 1762 directa

52 1794 230 1871 leguntur,
251 1794 289 1854 ad
310 1795 494 1854 medendum
515 1814 551 1855 eo
573 1796 717 1868 meliori,
744 1815 803 1874 quo
824 1797 894 1856 lieri
916 1796 1023 1872 potest

53 1889 146 1948 modo
168 1888 415 1965 multiplicibus,
438 1889 537 1965 iisque
565 1889 763 1967 gravissimis
783 1889 873 1950 malis
895 1891 1023 1948 extem

53 1981 201 2040 luctuoso
216 1981 383 2042 schismate
405 1983 543 2042 obortis:
566 2001 644 2060 quae
666 1982 791 2060 quidem
814 1985 942 2043 decreta
955 1998 1022 2042 naa-

53 2074 116 2134 iori
133 2092 172 2134 ex
184 2081 276 2151 parte
287 2077 414 2138 Nostris
428 2077 605 2154 apostolicis
618 2077 738 2136 litteris
752 2076 785 2135 in
798 2077 900 2136 forma
908 2074 1022 2135 Brevis

53 2173 265 2228 consentanea
279 2174 364 2242 sunt,
378 2173 471 2246 atque
486 2170 586 2229 eidem
598 2171 682 2230 clero
699 2175 918 2248 proponuntur
930 2169 1023 2248 (quod

53 2265 104 2322 est
126 2262 288 2338 singulare
310 2265 531 2325 observantiae
547 2269 619 2324 tuae
634 2283 711 2342 erga
726 2264 929 2342 apostolicam
943 2265 1023 2324 hanc

54 2357 169 2414 Sedem
182 2357 410 2434 testimonium)
424 2376 492 2416 cum
517 2359 623 2418 debita
638 2359 896 2418 subordinatione
918 2359 957 2416 ad
971 2375 1024 2434 ge-

54 2451 197 2510 neralem
219 2451 308 2512 illam
329 2451 585 2526 instructionem,
606 2453 637 2514 in
660 2471 721 2530 qua
745 2453 957 2513 concinnanda
977 2468 1025 2511 se-

53 2541 131 2602 dulo
153 2543 384 2618 incumbimus3
414 2546 467 2604 sed
489 2549 555 2604 tam
579 2545 644 2607 cito
672 2549 709 2606 ad
741 2547 835 2606 linem
857 2543 1023 2623 pervenire

53 2653 149 2711 quam
172 2637 325 2696 vellemus
347 2655 409 2696 non
430 2639 614 2716 poterimus,
630 2643 799 2716 propterea
813 2640 893 2717 quod
909 2655 1024 2716 graves

54 2733 230 2790 occurrant
250 2730 450 2791 difficultates
472 2733 510 2790 ab
531 2732 607 2808 ipsis
620 2733 706 2793 inter
721 2750 754 2791 se
768 2729 1024 2792 dissentientibus

54 2821 227 2899 gallicanis
248 2825 417 2902 episcopis,
439 2843 570 2902 quorum
591 2845 663 2903 pars
686 2845 800 2900 unam,
829 2843 903 2902 pars
930 2822 1025 2883 aliam

54 2932 73 2974 a
95 2915 200 2978 Nobis
227 2918 382 2978 rationem
410 2919 582 2996 praescribi
613 2920 728 2980 velint.
752 2922 812 2980 Sed
844 2919 909 2980 Nos
936 2915 1023 2976 nullo

55 3009 148 3068 modo
172 3027 334 3086 possumus
348 3030 367 3070 a
380 3013 529 3074 canonica
548 3012 671 3072 ratione
693 3013 865 3086 discedere,
886 3011 961 3088 quin
976 3013 1026 3070 tu-

55 3105 123 3162 tam
145 3107 181 3162 et
200 3107 441 3165 consentaneam
463 3124 603 3166 normam
629 3106 739 3167 iisdem
761 3105 912 3184 episcopis
933 3122 1026 3182 prae·

55 3195 198 3256 beamus.
215 3199 259 3258 Ut
279 3203 403 3272 autem,
432 3199 621 3260 venerabilis
646 3199 760 3274 frater,
786 3198 955 3278 pastoralis
976 3196 1026 3256 in·
1073 3198 1075 3204 ’

56 3289 213 3364 structio,
236 3309 327 3367 quam
348 3291 435 3350 clero
457 3291 594 3369 dirigis,
617 3311 657 3352 ex
677 3293 762 3352 omni
782 3294 874 3370 parte
899 3288 1024 3368 regulis

56 3383 270 3444 communiter
290 3383 426 3462 receptis
448 3385 589 3462 apprime
610 3387 818 3463 respondeat,
840 3389 934 3462 atque
955 3385 1025 3443 ideo

56 3476 117 3553 ipsi
140 3477 247 3550 clero,
268 3482 301 3538 et
321 3479 435 3556 populo
458 3479 586 3540 utiliter
606 3481 739 3554 evadat,
754 3479 866 3541 Nostri
886 3475 1026 3537 muneris

57 3588 124 3632 esse
145 3571 290 3632 ducimus
312 3571 371 3632 tibi
393 3573 545 3634 nonnulla
565 3571 718 3648 indicare,
741 3589 820 3650 quae
841 3572 941 3632 solum
963 3586 1027 3631 ma·

159 3691 220 3744 Vol.
238 3693 283 3743 ΙΙ.
740 3697 743 3706 ’
919 3696 934 3742 5
