2624 4260
665 317 702 328 ..
726 281 783 342 190
805 314 841 325 ..

271 389 483 450 miserationis
511 390 702 450 advenerit?
731 391 808 451 (lum
837 369 1028 465 perpurgata
1056 389 1234 448 ventilabro
1301 430 1302 485 ᾗ

271 484 339 554 Dei,
354 483 569 542 tribulationis
585 485 657 560 igne
673 485 815 560 probata,
832 487 881 542 tot
896 483 1087 542 admirandis
1099 485 1232 556 Vestris,

272 595 308 636 ac
320 577 547 636 venerabilium
560 578 695 638 fratrum
703 579 889 639 Nostrorum
898 577 1112 637 Cardinalium
1126 577 1236 636 trium·

273 673 343 747 phis
372 671 538 730 nobilitata
560 669 623 748 (1),
653 671 731 743 fide,
758 669 956 742 constantia,
986 671 1157 730 sanctitate
1186 675 1235 731 tot

335 849 369 903 (1)
387 851 441 894 Hoc
456 849 484 894 in
500 849 556 894 loco
573 861 617 896 sex
633 849 672 894 illi
689 849 798 895 Sanctae
808 851 935 894 Romanae
946 849 1075 895 Ecclesiae
1087 848 1235 896 cardinales

274 925 406 970 aSummo
423 925 545 971 Pontifioe
560 925 710 981 innuuntur,
727 937 790 982 qnos
806 924 901 982 primos
917 925 1018 970 hostilis
1035 925 1075 971 vis
1093 927 1234 985 occupavit,

272 1001 297 1044 et
313 1002 406 1045 Romae
423 1000 531 1046 detinuit
547 1001 586 1046 die
603 1002 618 1046 8
634 999 728 1045 mensis
738 1001 824 1046 Martii
841 1001 901 1045 anni
918 1001 993 1056 1798,
1015 1000 1046 1046 de
1062 1001 1156 1058 quibus
1172 1001 1236 1047 idem
1302 1041 1303 1048 ,

272 1077 310 1122 ita
325 1077 366 1122 dle
382 1079 412 1122 26
428 1077 541 1123 eiusdem
557 1078 660 1133 mensis,
679 1078 727 1123 sub
745 1077 833 1122 datum
851 1075 927 1123 Senis
938 1077 1005 1134 apud
1016 1079 1121 1123 Beatam
1130 1079 1234 1124 Mariam

273 1153 401 1208 Virginem
417 1153 444 1198 in
461 1154 530 1198 eaelo
547 1155 711 1210 assumptam,
731 1152 834 1210 scripsit
851 1151 976 1198 Andreae
993 1151 1114 1199 Minacci
1133 1155 1234 1201 Arente-

271 1228 374 1286 pisoopo
392 1224 507 1274 Firmnn
523 1243 546 1274 ο.
562 1227 594 1276 Il
605 1235 688 1289 tempo
700 1231 820 1274 eor'rente
837 1225 906 1288 eripe
915 1226 1050 1290 fermeaea
1066 1241 1079 1272 e
1097 1228 1233 1287 corapqio,

273 1301 340 1350 esei
358 1302 506 1351 Cardinnli
523 1302 597 1366 presi
617 1303 648 1350 in
669 1301 812 1364 ostoqpio,
830 1318 843 1350 e
858 1302 905 1366 poi
924 1302 1081 1366 trnaportati
1098 1302 1129 1350 in
1148 1302 1234 1350 Oioito

275 1377 386 1425 Veccbia
403 1380 431 1426 lo
450 1379 540 1426 banno
559 1377 732 1439 dimostrato,
751 1393 763 1424 e
780 1381 806 1428 lo
825 1377 1007 1440 dimostrcno,
1030 1378 1164 1426 abbencbd
1181 1393 1234 1426 non

271 1454 404 1516 suppicnc
425 1456 506 1515 qnnle
528 1451 591 1510 sard
607 1452 629 1500 il
646 1455 704 1501 loro
729 1453 849 1515 destino,
870 1469 913 1500 ma
932 1468 996 1502 sono
1018 1453 1053 1500 du
1070 1452 1137 1500 tutti
1153 1454 1163 1498 i
1179 1451 1235 1500 suoi

273 1529 428 1591 applauditi
438 1528 572 1576 estimati.
585 1530 733 1577 Cardinales
743 1543 833 1588 nempe
844 1533 915 1578 fuere
927 1529 1085 1576 Leonardns
1096 1530 1235 1588 Episcopus

273 1602 466 1652 Praenestinas
484 1607 581 1651 S.R.E.
591 1607 733 1653 dardinalis
744 1605 888 1653 Antonelli
899 1604 1111 1665 Senopulliensis
1123 1607 1238 1662 Signatu—

271 1694 316 1728 rae
332 1683 450 1728 Iustitiae
469 1683 623 1739 Praefectus,
636 1681 734 1744 Ioseph
745 1685 769 1730 S.
782 1683 851 1729 Petri
868 1685 896 1730 in
912 1683 1021 1729 Vincula
1031 1683 1168 1739 Presbyter
1179 1683 1237 1730 Gar-

271 1757 374 1813 dinalis,
387 1757 418 1803 cb
432 1755 521 1802 Auria
534 1755 624 1816 Lipnr
636 1773 651 1805 a
664 1760 772 1806 Socratis
784 1761 880 1816 Status,
894 1757 1046 1819 Stephanae
1059 1761 1085 1806 S.
1099 1761 1236 1806 Clementis

272 1847 297 1890 p.
310 1847 331 1878 c.
345 1831 449 1891 Borqin
463 1830 613 1880 Veliternus
625 1837 650 1882 S.
662 1836 688 1882 G.
698 1835 793 1882 Indicis
803 1837 959 1893 Praefectus,
970 1834 1099 1882 Aurelius
1111 1837 1156 1882 SS.
1164 1839 1235 1882 Ioan-

271 1909 312 1954 nis
329 1909 354 1954 et
370 1908 444 1954 Pauli
459 1923 483 1966 p.
497 1922 517 1954 c.
532 1907 675 1955 Booerelln
691 1906 870 1957 Ferrariensis
887 1912 1016 1967 Datarius‚
1037 1909 1130 1958 Iulius
1144 1905 1234 1956 Maria

272 1987 298 2031 S.
311 1986 418 2032 Sabinae
435 1999 459 2042 p.
479 1999 500 2031 o.
520 1983 551 2031 de
568 1983 706 2044 Sornaplin
724 1983 902 2034 Placentinus
925 1989 1005 2034 almae
1022 1987 1098 2034 Urbis
1117 1987 1236 2033 vicarius

272 2060 409 2117 generalis,
425 2061 451 2106 et
469 2057 614 2121 Philippus
632 2063 657 2106 S·
676 2062 808 2108 Eustachii
824 2063 953 2108 Diaconus
973 2062 1118 2110 cardinalis
1138 2059 1238 2108 Garun
1302 2103 1303 2106 ,

274 2133 335 2182 dini
352 2133 522 2182 Plecterensia
540 2137 604 2183 Boni
619 2137 757 2194 Regiminis
769 2140 925 2195 Praefectus,
938 2140 981 2196 qni
994 2137 1092 2184 Rornae
1109 2139 1193 2184 clausi
1210 2137 1237 2183 in
1302 2135 1303 2154 ³

273 2211 407 2266 Oeenobio,
426 2213 503 2268 vulgo
522 2209 590 2258 delle
609 2208 775 2271 Contiertite,
792 2213 863 2270 prius
879 2215 1020 2270 evacuato,
1038 2213 1077 2258 die
1096 2215 1125 2260 io
1143 2213 1239 2259 mensis

271 2287 383 2333 eiusdem
393 2287 440 2349 sub
450 2289 550 2332 noctem
559 2301 611 2332 una
622 2301 679 2332 cum
691 2285 789 2334 Oarolc
803 2285 915 2334 Orioelli
927 2286 1125 2335 Mediolanensi
1134 2289 1237 2334 Archia

270 2361 374 2419 piscopo
392 2359 568 2420 Petrucensi‚
590 2362 724 2408 Praefecto
746 2363 837 2420 Urbis,
856 2360 933 2410 Iulio
952 2361 1119 2424 Sperandini
1136 2363 1238 2410 alesino
1302 2391 1303 2400 ι

273 2437 392 2484 Gamerae
404 2438 589 2492 commissario,
603 2439 628 2482 et
639 2433 728 2483 Panlo
739 2435 870 2496 Virpanio
882 2435 1080 2486 Mediolanensi
1089 2438 1239 2485 Gommereii
1302 2473 1303 2512 ἦ

271 2512 429 2570 Adsensere,
453 2509 648 2558 centumcellas
664 2512 778 2558 traducti
793 2513 882 2569 fuere,
901 2515 926 2560 et
941 2513 1058 2572 diligenti
1078 2515 1197 2561 custodia
1212 2515 1240 2562 iu

273 2590 382 2646 angusto
393 2589 512 2634 Fratrum
522 2587 729 2634 Praedicatorum
740 2589 865 2636 coenobio
876 2589 971 2634 detenti
984 2575 1064 2647 nsque
1078 2591 1110 2636 ad
1121 2589 1190 2636 diem
1198 2592 1238 2646 28,

275 2677 326 2722 qua
341 2665 458 2710 libertate
476 2663 563 2710 donati
579 2677 609 2710 ea
626 2664 777 2721 conditione,
795 2667 824 2710 ut
841 2666 978 2712 itermaris
989 2668 1158 2724 capesserent,
1171 2666 1240 2724 quod

273 2743 334 2788 forti
351 2744 434 2788 animo
452 2754 538 2788 omnes
555 2741 672 2788 fecerunt
688 2743 810 2799 (exceptis
827 2743 992 2789 Praesulibus
1011 2741 1124 2788 Orioelli
1141 2745 1167 2789 et
1181 2741 1241 2804 Spe-

272 2815 394 2878 randini,
405 2817 497 2876 quibus
507 2817 657 2875 permissum
673 2818 725 2863 fuit
741 2817 773 2863 ad
788 2819 892 2876 propria
908 2818 1008 2874 redire),
1021 2819 1081 2864 licet
1091 2819 1242 2876 periculosa
1302 2835 1303 2874 ι

270 2895 357 2940 nantis
373 2893 502 2941 videretur
520 2894 660 2951 navigatio,
678 2896 704 2940 et
719 2907 788 2940 mare
806 2893 914 2942 adversa
925 2895 1074 2952 tempestate
1085 2895 1240 2952 iactaretur,

271 2976 297 3020 et
307 2974 414 3030 exiguae
425 2973 560 3019 admodum
570 2975 655 3020 essent
666 2975 779 3032 cymbae,
794 2975 886 3032 quibus
903 2987 930 3022 se
949 2975 1104 3021 committere
1115 2976 1242 3033 cogaban-

271 3051 322 3094 tur.
341 3048 389 3094 Sed
405 3049 452 3095 Dei
468 3051 550 3108 pietas
569 3051 669 3107 praesto
686 3051 736 3096 fuit
752 3051 806 3096 illis
821 3064 867 3108 per
883 3051 1032 3098 discrimina
1048 3052 1073 3096 et
1090 3064 1240 3106 aerumnas,
1302 3079 1303 3088 2

271 3135 407 3180 omnesque
425 3125 457 3170 ad
472 3123 560 3170 littora
576 3122 724 3171 Hetrnriae
739 3127 879 3173 incolumes
895 3127 1023 3173 conduxit.
1042 3127 1113 3173 Idem
1132 3127 1243 3185 contigit
1302 3121 1303 3124 '

269 3199 348 3246 etiam
364 3198 469 3246 Ioanni
485 3197 610 3246 Andreae
627 3199 654 3247 S.
673 3200 787 3249 Eusebii
804 3204 956 3262 Presbytero
975 3202 1104 3250 cardinali
1114 3201 1243 3250 Arenata

204 3303 206 3306 -
271 3271 418 3334 Briniensi,
435 3277 461 3322 et
477 3275 600 3332 Episcopo
619 3274 786 3338 Ausculuno,
799 3278 842 3336 qui
852 3278 894 3326 die
911 3281 940 3326 22
951 3278 1064 3326 eiusdem
1073 3279 1163 3324 Martii
1177 3277 1244 3326 Oen·

272 3348 409 3412 tnmcellas
427 3349 518 3396 ductus
534 3350 592 3406 fnit,
612 3351 687 3409 atque
703 3352 762 3399 inde
778 3365 868 3400 versus
888 3351 1027 3414 Neapolim
1045 3353 1132 3410 solvit,
1153 3355 1199 3400 oni
1215 3367 1243 3400 se

271 3425 334 3472 socii
349 3425 453 3475 iunxere
470 3426 620 3484 Praesulee,
639 3429 714 3484 atqua
731 3428 864 3486 utriusque
881 3430 1033 3487 Signaturae
1049 3429 1241 3486 Reserandarii,

271 3514 318 3550 nae
334 3513 386 3547 non
402 3501 574 3548 Protonotarii
589 3504 737 3561 Apostolioi,
751 3500 910 3552 Franciseas
924 3503 1025 3552 Gelono
1037 3501 1243 3566 Neapolitanae

273 3579 382 3626 Sanctae
392 3580 488 3626 Domus
498 3581 524 3626 at
541 3580 659 3627 Civitatis
670 3577 785 3627 Laureti
795 3582 950 3639 Praefectus,
963 3582 989 3627 et
1000 3578 1139 3627 Settimins
1146 3579 1244 3629 Hono·
