2624 4260
657 325 694 336 -
719 293 778 352 192
800 325 836 336 -

264 401 382 460 rabiles
396 401 537 484 Fratres,
554 401 587 458 in
603 399 691 458 omni
708 418 774 477 spe,
788 401 862 486 pide,
878 405 912 460 et
926 397 1107 460 humilitate
1126 400 1235 458 cordis

265 493 375 553 Nostri
397 501 523 553 orantes
543 495 610 553 sine
631 495 874 566 intermissione,
898 495 1100 572 adprecemur
1121 493 1236 552 Eccle-

266 591 341 650 siae.
364 592 406 650 Et
427 591 569 666 quamvis
588 591 798 650 certissimum
820 593 873 664 sit,
891 595 996 652 tantos
1019 608 1086 671 eam
1108 587 1233 648 efficere

266 685 298 742 in
321 684 527 743 tribulatione
548 691 737 760 proventus,
760 686 921 761 tantisque
943 683 1085 743 victoriis
1105 683 1232 760 augeri,

266 777 391 854 quantis
405 777 515 854 augeri
530 783 623 838 extra
638 779 875 838 tribulationem
895 777 982 836 nullo
1004 779 1094 836 modo
1110 781 1231 853 posset,
1306 855 1307 858 Ἴ

266 878 370 932 tamen
393 890 431 930 ne
453 873 525 930 dum
547 889 583 929 ea
600 871 728 932 fortium
745 891 871 932 suorum
887 871 1058 947 triumphis
1072 870 1230 942 laetatur,
1306 859 1307 864 ¹

266 964 459 1024 infirmorum
488 963 628 1023 cladibus
656 971 749 1042 atque
777 966 876 1024 exitio
898 963 1083 1023 contristari
1104 964 1229 1034 debeat,

266 1058 319 1133 qui
340 1075 409 1116 cum
431 1063 525 1117 extra
546 1059 754 1118 tentationem
770 1059 878 1136 positi,
894 1061 930 1116 de
945 1057 1064 1118 futuris
1079 1058 1231 1134 periculis

256 1143 347 1210 ‘nihil
369 1151 557 1226 cogitantes,
574 1170 606 1210 sc
621 1157 732 1211 contra
746 1153 861 1211 diaboli
879 1151 1092 1228 aggressiones
1106 1152 1232 1210 munire

267 1246 437 1319 noluerint,
461 1263 496 1304 ac
518 1248 631 1305 mundo
652 1265 743 1322 quam
765 1249 827 1306 Deo
849 1247 969 1306 servire
991 1247 1172 1316 maluerint,
1197 1246 1228 1303 in

265 1340 452 1400 tentationis
474 1345 561 1399 aestu
583 1341 732 1401 licentiae
754 1341 944 1400 dominantis
957 1341 1078 1417 impetu
1091 1339 1229 1416 abrepti,

265 1436 486 1492 evanescentes
506 1433 538 1490 in
560 1433 805 1509 cogitationibus
827 1433 892 1492 suis
913 1433 1094 1492 defecerunt
1115 1452 1133 1491 a
1153 1435 1231 1506 Deo,
1306 1431 1307 1434 ’

265 1523 445 1601 animasque
474 1544 544 1585 suas
571 1526 772 1602 prolicientes
800 1529 927 1588 satanae
951 1545 983 1585 se
1011 1526 1231 1596 tradiderunt3

265 1636 410 1694 rogemus
438 1619 725 1679 misericordiarum
746 1623 866 1693 Deum,
895 1625 932 1679 ut
959 1623 1090 1696 propter
1111 1619 1233 1680 Christi

265 1711 325 1769 filii
347 1713 394 1769 sui
417 1713 613 1788 sanguinem,
635 1715 688 1789 qui
710 1731 767 1790 pro
790 1714 932 1772 omnibus
957 1712 1071 1770 effusus
1092 1716 1152 1783 est,
1176 1713 1232 1770 ab·

267 1803 452 1864 brevientur
474 1805 539 1865 dies
561 1807 747 1866 tentationis
768 1809 915 1868 Nostrae.
938 1807 1016 1866 Nam
1032 1789 1175 1880 quamvis
1197 1804 1231 1861 in

266 1896 541 1972 investigabilibus
570 1899 740 1976 sapientiae
768 1903 802 1958 et
829 1898 971 1958 iustitiae
992 1898 1048 1957 Dei
1077 1897 1232 1969 consiliis,

265 1988 376 2064 quibus
388 1990 523 2066 gloriam
535 2009 622 2050 suam
633 1996 794 2068 operatur,
807 1991 904 2052 Nobis
916 1991 1039 2050 omnino
1051 1991 1094 2050 sit
1108 1991 1235 2066 acquie-

264 2083 422 2156 scendum;
445 2087 548 2143 tamen
570 2085 655 2144 inter
676 2089 781 2144 cetera
795 2084 899 2143 omnia
911 2084 1068 2144 Ecclesiae
1083 2084 1231 2156 vulnera,
1306 2121 1307 2176 p

265 2178 342 2238 haee
363 2177 558 2254 potissimum
582 2179 639 2238 illa
660 2181 745 2250 sunt,
765 2197 843 2254 quae
865 2177 928 2249 diu,
945 2183 1099 2252 noctuque
1120 2195 1234 2236 excru-
1306 2179 1307 2192 ¹

264 2274 438 2345 ciantNos,
462 2279 495 2332 et
516 2275 688 2334 sollicitum
710 2275 827 2334 habent
849 2275 986 2334 animum
1001 2275 1166 2344 Nostrum,
1184 2276 1232 2333 ita

265 2369 300 2423 ut
315 2365 514 2428 acerbissima
525 2385 663 2442 quaeque
676 2369 755 2443 pati,
768 2369 963 2442 animamque
976 2367 1073 2443 ipsam
1081 2367 1232 2427 Nostram

263 2477 377 2536 ponere
398 2459 502 2536 parati
521 2477 669 2532 essemus,
686 2460 712 2518 si
726 2477 782 2536 per
804 2460 986 2537 sanguinem
1006 2460 1158 2518 Nostrum
1181 2463 1232 2518 tot

264 2551 550 2628 praevaricantium
564 2552 664 2612 exitia
685 2557 843 2626 avertere,
861 2557 909 2613 tot
923 2552 1121 2610 infirmorum
1136 2551 1234 2609 offen-

264 2645 400 2707 sionibus
422 2645 612 2722 iacturisque
634 2645 800 2721 providere
823 2664 991 2722 possemus.

324 2739 423 2803 Plura
444 2739 567 2816 quidem
589 2745 705 2812 essent,
721 2759 798 2815 quae
814 2739 1092 2816 edcoufirmandos
1110 2737 1235 2797 animos

264 2835 408 2906 VestroS,
419 2833 616 2894 venerabiles
628 2835 771 2906 Fratres,
782 2833 878 2892 Vobis
890 2835 1073 2892 haberemus
1085 2831 1231 2905 dicenda,
1306 2893 1307 2910 ,

263 2929 316 2986 sed
338 2931 558 3004 praeterquam
581 2929 659 3004 quod
682 2929 805 2986 modum
828 2926 979 3002 epistolae
1001 2927 1151 3006 excedere
1175 2945 1233 2984 no·

263 3020 378 3091 lumus,
408 3039 444 3078 ea
465 3023 514 3102 est
535 3021 617 3080 enim
645 3021 706 3080 iam
734 3021 811 3080 satis
840 3038 1031 3098 progressa;
1062 3023 1153 3078 tanta
1182 3024 1233 3078 est

262 3112 367 3170 virtus
389 3114 504 3170 Vestra
525 3114 555 3171 in
579 3114 636 3172 hac
658 3113 864 3191 tribulatione
885 3113 1087 3190 perferenda,
1111 3117 1232 3170 utnon

262 3205 419 3264 Nostrae
440 3206 554 3275 Vobis,
579 3207 630 3265 sed
660 3225 678 3264 a
704 3207 800 3266 Nobis
829 3210 922 3282 atque
944 3206 982 3266 ab
1004 3205 1148 3263 omnibus
1168 3206 1233 3264 Vc·
1306 3195 1307 3216 ³

263 3303 330 3357 stra
346 3298 418 3357 fidei
433 3299 588 3376 exempla,
605 3300 811 3373 constantiae,
834 3318 869 3358 ac
891 3298 1070 3358 sanctitatis
1086 3299 1233 3374 exempla

263 3391 328 3450 sint
355 3393 498 3468 petenda.
528 3394 637 3468 ltaque
666 3393 758 3450 finem
787 3393 936 3452 iaciemus
964 3411 1033 3450 cum
1056 3394 1089 3451 S.
1113 3393 1230 3450 Ioanne

263 3487 505 3563 chrysostomo,
528 3485 580 3562 qui
602 3485 634 3543 in
656 3485 753 3544 simili
774 3503 957 3546 causacum
980 3489 1077 3556 esset,
1101 3503 1137 3544 ac
1159 3485 1231 3560 pari

265 3580 468 3640 tribulatione
490 3597 547 3655 pro
562 3579 703 3639 Ecclesia
721 3582 930 3654 premeretur,
947 3579 985 3638 iis
1000 3580 1106 3638 verbis
1121 3579 1228 3651 fidem,
