2632 4262
247 339 436 402 viridiorem
450 357 486 400 ac
505 341 716 402 robustiorem
730 343 899 422 appulisse;
915 361 1075 404 nonsecns
1091 361 1128 404 ac
1143 343 1222 420 ple·-

247 433 354 512 risque
374 434 524 496 acciderit
544 437 752 515 Martyribus,
768 456 846 516 quos
867 440 1028 499 testantur
1040 439 1211 498 memoriae

248 528 326 590 item
348 529 386 590 ab
407 529 532 607 ignibus
553 547 716 608 erumpere
736 531 889 608 potuisset
909 531 1004 592 Sedet
1024 548 1099 608 ergo
1120 532 1213 592 iuco-

248 621 343 684 lumis
355 622 515 702 Brigantii
529 623 690 698 Pontifex,
705 628 739 685 et
752 625 829 687 satis
842 627 963 698 ndens,
972 629 1016 686 ut
1028 625 1128 686 hostis
1142 625 1222 686 lerc-

249 715 312 776 iam
333 718 488 793 desperet,
505 717 604 779 occidi
618 717 820 780 incommodis
837 737 935 798 posse.
952 718 1031 786 Quid
1051 722 1222 795 superest,¹

250 807 312 868 nisi
333 811 369 868 ut
388 808 507 869 itinera
520 809 688 870 itineribus
709 813 896 886 accumulet,
912 831 948 872 ac
960 817 1078 872 metum
1098 811 1209 883 faciat,

248 919 285 960 eo
307 900 552 977 perveniendum
580 921 669 976 esse,
693 905 744 965 ubi
764 905 924 966 lutulenta
952 903 1109 965 hominum
1137 902 1211 963 faex

248 994 485 1058 incredulitatis
507 996 611 1058 erexit
632 999 861 1060 Simulacruml
877 999 971 1068 Quasi
994 1015 1069 1059 vero
1090 995 1211 1058 terreri

248 1087 385 1154 invictus
406 1088 527 1150 animus
548 1095 605 1150 aut
624 1083 747 1166 debeat,
763 1099 819 1154 aut
839 1095 950 1171 possit,
969 1092 1094 1154 etiamsi
1116 1090 1209 1160 sciat,

249 1179 429 1242 iterandum
450 1201 530 1256 esse,
552 1189 645 1261 atque
666 1188 742 1246 adeo
763 1189 938 1264 aagendam
969 1185 1098 1246 abscissi
1119 1183 1211 1244 Sacri

248 1273 368 1352 Capitis
388 1277 577 1354 exemplum!
592 1279 677 1356 Ergo
691 1279 798 1340 abitur
815 1279 981 1358 Brigantio
1003 1276 1221 1352 Gratianopo-

248 1367 319 1443 lim,
335 1373 369 1428 et
388 1387 468 1446 quae
488 1375 636 1448 coeperet
655 1389 768 1450 magna
788 1390 854 1432 esse
869 1372 1004 1450 optimae
1025 1371 1212 1448 religiosae-

249 1479 308 1537 que
329 1462 439 1523 Gentis
460 1464 626 1524 commotio
648 1467 764 1526 statim
778 1483 814 1526 ac
827 1464 975 1526 Pontifex
995 1464 1159 1524 Gallorum
1175 1461 1212 1520 fi·

249 1571 305 1614 nes
318 1555 477 1632 ingressus
498 1562 558 1631 est,
575 1558 675 1618 maior
692 1558 809 1631 evadit,
824 1559 1109 1636 progrediendoque
1124 1555 1212 1614 vires

249 1649 398 1724 acquirit.
420 1651 485 1712 Nec
506 1652 601 1729 longa
621 1652 840 1730 Gratianopoli
870 1670 957 1712 mora
977 1650 1127 1728 permissa
1148 1652 1210 1708 est:

249 1740 314 1802 iter
335 1741 424 1802 brevi
446 1743 626 1804 Valentiam
648 1745 842 1807 instituitur.

308 1833 368 1894 Hic
388 1835 466 1904 mihi
487 1837 555 1913 quis
576 1837 669 1914 digne
690 1839 861 1913 describat,
882 1857 960 1916 quae
980 1840 1061 1898 Deus
1081 1833 1215 1895 carissi·

249 1941 298 1984 mo
319 1926 377 1986 sibi
392 1932 425 1988 et
446 1929 587 1990 omnibns
600 1931 695 1992 Sacro
717 1933 789 1992 Seni
803 1930 1031 1994 monstraverit
1043 1928 1137 1989 initia
1149 1927 1215 1986 tri-

250 2020 369 2096 umphi,
391 2040 482 2098 quem
504 2023 596 2100 paulo
624 2030 693 2101 post
713 2025 861 2086 Valentia
889 2025 1013 2086 tandem
1035 2022 1066 2082 in
1088 2021 1213 2080 caelum

249 2110 335 2175 ituro
356 2116 502 2192 perabatl
523 2117 654 2178 Videres
671 2124 909 2180 concursantem
930 2116 1064 2193 undique
1084 2119 1214 2192 gentem

249 2208 370 2282 petere,
393 2209 514 2281 scitari,
542 2229 703 2289 quaerere,
725 2215 824 2284 unde,
843 2213 966 2290 qnando
987 2210 1225 2270 adduceretur:¹
1299 2237 1300 2264 n

249 2298 375 2360 videres
395 2301 569 2362 confertam
591 2305 768 2374 hominibus
790 2304 927 2366 cuiusvis
948 2302 1079 2374 aetatis,
1102 2318 1213 2374 sexus,
1299 2335 1300 2340 κ

249 2390 416 2467 dignitatis
437 2395 533 2456 viam:
549 2395 685 2469 videres,
701 2398 754 2458 ubi
773 2399 846 2476 quid
867 2395 1053 2467 insonuerit,
1072 2393 1216 2470 trepida-

249 2500 296 2554 re,
312 2485 449 2545 tremere
470 2504 587 2561 omues,
603 2507 640 2548 ne
654 2489 737 2550 forte
757 2510 813 2552 nec
827 2490 991 2568 opinantes
1004 2489 1213 2565 praetergre-

249 2575 367 2650 diatur,
383 2596 438 2637 nec
457 2579 576 2641 intueri
597 2581 703 2642 liceat:
720 2585 855 2657 videres,
870 2600 976 2644 omnes
990 2579 1094 2642 omnia
1114 2579 1213 2638 malle

238 2688 341 2746 -quam
362 2672 492 2734 Sacrum
522 2693 582 2735 non
603 2675 713 2742 videre
734 2677 857 2737 Senem.
877 2678 937 2738 Sed
958 2677 1034 2737 haec
1053 2691 1121 2734 esse
1142 2676 1231 2749 potr*

249 2771 341 2827 erant
355 2767 512 2844 ambigua,
528 2772 562 2829 et
583 2787 619 2830 ea
632 2788 711 2847 qnae
724 2788 784 2830 non
800 2769 928 2848 religio,
944 2787 1003 2828 non
1019 2767 1132 2845 pietas,
1148 2783 1211 2826 non

250 2859 334 2926 ullus
355 2860 453 2922 bouus
466 2861 600 2937 animus;
616 2881 726 2924 verum
741 2864 808 2941 ipsa
824 2862 871 2922 rei
886 2862 1012 2922 novitas
1027 2863 1141 2920 natura
1154 2876 1212 2918 sua

249 2951 823 3030 proferret,,excitaret,.incenderet.
849 2955 950 3016 Maius
974 2953 1119 3031 quiddam
1141 2969 1210 3012 esse

249 3044 341 3104 debet
361 3065 398 3106 ac
425 3047 562 3108 subitum
584 3049 697 3125 suique
712 3051 806 3107 tenu
827 3051 859 3108 et
887 3051 1053 3120 constans,
1075 3046 1106 3107 id
1127 3047 1223 3124 quod,

250 3137 315 3202 alte
336 3138 448 3199 infixos
462 3141 648 3218 populorum
670 3159 783 3213 mores,
799 3141 912 3217 diuque
930 3140 1062 3217 probata
1075 3139 1210 3200 consilia

250 3229 431 3305 patefaciam
447 3231 587 3310 idemque
602 3235 706 3294 omnia
719 3235 899 3294 contemnat
909 3235 1046 3310 oportet,
1063 3233 1143 3292 unde
1157 3250 1211 3292 ca-

250 3321 377 3384 lamitas
404 3323 576 3386 immineat.
603 3329 689 3387 Inest
709 3328 792 3387 enim
813 3327 845 3388 in
866 3345 902 3387 eo
923 3326 1032 3386 divina
1058 3327 1210 3403 quaedam

249 3411 300 3474 vis
320 3416 414 3492 atque
436 3415 581 3490 incultas,
596 3435 675 3494 quae
689 3419 829 3478 homines
847 3435 913 3478 aeae
928 3417 1061 3478 maiores
1082 3416 1208 3490 efficiat;

250 3509 490 3587 contemptuque
511 3526 617 3572 rerum
638 3509 871 3572 carissimarum
892 3514 926 3571 et
947 3509 1032 3572 vitae
1055 3527 1121 3572 sese
1143 3528 1222 3571 maa
