2606 4268
475 294 656 354 -137-

82 415 188 458 cacros
201 398 328 458 o'rdines
342 399 520 458 ascenderit
534 416 590 476 per
604 400 833 459 ordinationem
849 399 966 459 intrusi
978 399 1050 476 ll‘pi-

82 494 188 570 scopi,
212 493 339 570 ipsoque
361 492 540 552 conferente
562 494 738 553 animarum
763 512 869 554 curam
897 493 994 553 variis
1016 493 1049 552 in

80 589 159 648 locls
185 591 259 647 tuae
282 588 439 664 Spirensis
463 587 613 647 dioecesis
636 589 828 648 exercuerit.
855 587 972 664 Agitur
998 588 1049 646 hlc

81 684 121 742 de
141 681 341 740 absolutione
356 683 486 740 duorum
504 681 681 741 huiusmodi
693 683 901 741 delictorum.
919 684 994 742 Eam
1011 682 1050 740 ob

83 792 210 836 eausam
232 775 297 834 Nos
324 774 461 833 libenter
490 774 686 833 concedimus
710 775 807 834 alicui
834 774 989 834 sacerdoti
1012 774 1050 834 ad

83 869 286 946 excipiendas
299 867 437 926 fidelium
453 867 660 926 confessiones
673 868 857 944 approbato,
874 867 913 927 ab
927 869 1052 926 eodem·

83 981 143 1038 quo
158 963 278 1022 Linder
292 961 448 1038 eligendo,
465 959 649 1020 facultatem
668 961 850 1020 absolvendi
866 978 954 1020 reum
970 962 1051 1019 hunc

84 1057 124 1114 ab
144 1057 228 1128 hisce
243 1056 345 1132 culpis
360 1055 437 1128 suis3
454 1060 489 1114 at
502 1073 562 1126 non
583 1059 752 1131 antequam
774 1057 840 1132 ipse
862 1055 1053 1116 satisfecerit

84 1149 322 1209 conditionibus
342 1149 374 1207 in
395 1150 513 1208 Nostro
536 1150 741 1226 praescriptis
755 1149 852 1209 Brevi
873 1150 922 1208 die
945 1150 983 1209 13
1005 1152 1054 1208 lu·

85 1237 131 1312 nii
154 1243 245 1314 1792,
261 1243 352 1302 firma
366 1245 470 1301 tamen
493 1247 674 1302 remanente
699 1243 899 1319 suspensione
921 1248 954 1302 et
974 1242 1055 1301 irre-

84 1337 262 1413 gularitate
283 1337 322 1396 ab
343 1337 410 1414 ipso
431 1343 606 1409 contracta,
629 1357 665 1396 eo
685 1339 764 1414 quod
780 1353 912 1396 censura
926 1354 1055 1412 suspen·

82 1431 183 1491 sionis
197 1431 365 1491 innodatus
381 1431 626 1490 ministraverit.

146 1525 295 1584 Alterum
319 1541 394 1583 vero
415 1528 475 1595 est,
492 1524 601 1584 valida
624 1542 660 1582 ne
682 1541 719 1582 an
744 1523 840 1582 irrita
861 1523 904 1582 sit
925 1521 1055 1582 Lindcri

84 1618 258 1677 ordinatio.
283 1619 350 1678 Etsi
379 1619 475 1677 ctiam
505 1618 565 1676 sibi
595 1618 655 1694 ipsi
681 1616 744 1675 levi
771 1616 831 1676 niti
853 1615 1054 1674 fundamento

85 1712 236 1772 videatur
257 1711 284 1771 is
305 1711 436 1772 Linderi
452 1715 555 1770 metus
578 1711 617 1769 ob
638 1709 825 1768 intentionis
846 1708 1000 1769 delectum
1022 1708 1054 1766 in

85 1806 198 1878 Gobel,
212 1823 282 1864 cum
301 1805 459 1864 intrusum
482 1805 623 1864 Brender
638 1805 670 1863 in
685 1803 871 1880 Episcopum
893 1819 1055 1861 consecra·

86 1904 151 1973 ret,
174 1905 278 1960 tamen
300 1899 401 1970 multo
422 1904 509 1958 certe
533 1897 664 1976 gravior
687 1902 735 1956 est
757 1900 814 1957 tua
834 1896 892 1956 illa
913 1890 1055 1957 ratio'de

87 1994 257 2052 validitate
280 1992 456 2064 dubitandi,
473 2010 511 2051 an
527 1993 671 2050 intrusus
685 1990 784 2052 Gobel
806 1989 837 2048 iu
864 1990 960 2049 variis
982 2007 1000 2049 a
1022 2007 1054 2048 se

86 2087 227 2164 peractis
244 2087 456 2163 episcoporum
473 2085 770 2155 consecrationibus,
788 2101 824 2142 ea
838 2083 1057 2143 observaverit

87 2181 213 2251 omnia,
236 2200 313 2257 qnae
338 2181 375 2242 ad
403 2180 603 2240 validitatem
634 2177 808 2237 necessario
836 2176 1054 2253 requiruntur.

86 2275 135 2334 Ob
158 2281 244 2334 tuam
266 2275 345 2332 banc
366 2273 530 2333 dubitandi
546 2272 700 2331 rationem
716 2271 826 2347 nequit
840 2271 991 2329 hactenus
1006 2271 1058 2328 de·

87 2367 222 2439 clarari,
238 2367 344 2426 valida
366 2385 404 2426 ne
426 2367 526 2426 fuerit
547 2383 585 2424 an
607 2371 719 2424 contra
732 2365 863 2424 Linderi
885 2364 1053 2424 ordinatio:

88 2479 162 2520 cum
177 2465 345 2537 propterea
368 2478 490 2519 necesse
513 2459 555 2518 sit
576 2459 752 2518 habeantur
772 2458 924 2518 certiores
938 2459 975 2518 de
990 2457 1058 2533 ipso

88 2555 176 2613 t’acto
191 2553 336 2626 notitiae,
351 2553 517 2630 exquibus
538 2553 627 2629 argui
650 2551 750 2628 possit
771 2568 886 2610 revera
907 2551 939 2608 in
961 2552 1059 2610 Bren-

86 2647 154 2706 deli
168 2647 400 2706 consecratione
411 2646 561 2706 Gobelum
575 2645 716 2704 omisisse
730 2643 849 2720 aliquid
868 2642 919 2701 vel
941 2642 973 2700 in
994 2659 1058 2701 ma·

88 2743 174 2802 teria
187 2743 239 2803 vel
255 2743 285 2802 in
302 2743 413 2815 forma,
426 2742 506 2818 quod
522 2743 559 2800 ad
576 2741 624 2799 rei
639 2739 848 2798 substantiam
864 2736 1057 2812 pertineret,

91 2839 143 2896 vel
166 2837 279 2896 saltem
301 2853 401 2912 gravo
422 2837 458 2894 de
481 2835 537 2892 boc
559 2833 625 2910 ipso
646 2835 791 2890 constare
813 2829 951 2898 dubium,
977 2831 1057 2888 unde

91 2929 218 2988 nonnisi
234 2929 290 2988 snb
303 2928 482 2987 conditione
496 2928 532 2984 ad
550 2941 661 2984 novam
678 2922 808 2982 Linderi
829 2920 1058 2980 ordinationem

89 3023 136 3083 sit
150 3023 389 3082 deveniendum.
402 3022 600 3097 Quapropter
615 3017 702 3078 illam
725 3035 743 3075 a
765 3019 797 3076 te
818 3015 934 3092 suscipi
948 3031 1057 3073 curam

92 3135 218 3176 neeesse
241 3134 321 3174 nunc
343 3119 403 3187 cst,
427 3117 462 3172 ut
484 3112 625 3188 inquiras
647 3111 679 3168 in
701 3111 818 3169 factum
843 3109 956 3190 ipsum,
979 3108 1058 3184 quod

92 3213 157 3272 Nos
178 3209 240 3286 ipsi
255 3227 310 3285 per
323 3210 389 3269 Nos
411 3207 534 3285 pariter
555 3207 725 3264 curandum
748 3203 933 3280 suscipimus
955 3220 994 3262 ex
1016 3202 1060 3261 lo-

91 3303 216 3380 gitimis
237 3302 360 3362 Galliae
382 3300 544 3378 Episcopis
571 3297 779 3373 exquisitori,
803 3296 925 3372 siquid
949 3295 979 3354 in
1002 3296 1060 3354 hac

92 3417 126 3460 re
148 3398 269 3458 certius
291 3395 399 3456 deduci
419 3395 527 3472 possit,
542 3395 666 3469 Nosque
688 3393 719 3450 in
742 3391 920 3451 huiusmodi
935 3389 1058 3450 casibus

93 3491 320 3569 pronunciare,
344 3489 428 3548 omni
449 3507 466 3547 e
488 3487 589 3546 medio
616 3485 741 3546 sublata
766 3483 978 3554 dubitatione,
1002 3499 1060 3541 va·

94 3586 226 3656 leemas,
240 3584 314 3660 quid
330 3582 527 3644 iudicandum
546 3581 760 3658 agendumque
775 3577 827 3636 sit.
841 3579 1063 3636 Intercatem·
