2632 4262
346 327 445 388 ticum
466 326 554 386 adire
577 325 738 398 valentes,
771 323 975 385 matrimonia
995 323 1136 382 celebra-

347 424 426 482 runt
452 437 557 481 coram
579 423 730 480 extraneo
752 421 934 492 sacerdote,
957 417 1010 477 vel
1031 433 1135 477 coram

349 513 506 574 saeculari
527 511 720 588 magistratu
743 553 1020 572 ......
1053 527 1133 586 pay.
1179 508 1222 570 60

251 607 329 672 1793
349 607 369 668 5
391 604 536 667 Octobris
549 635 564 648 -
576 605 633 664 Eoo
649 608 780 665 litteris.
797 606 960 676 capitulo
981 609 1016 662 et
1031 607 1135 664 canc-

349 703 440 760 nicis
469 702 632 758 cathedr.
660 701 840 760 Ecclesiae
867 699 1134 759 camberiensis.

348 794 442 856 Dolet
456 793 493 850 de
508 791 744 852 calamitatibus
758 792 850 852 illius
863 791 1034 853 Ecclesiae.
1055 792 1140 850 Gau·

348 891 403 948 det
423 887 461 946 de
483 903 591 945 eorum
613 885 673 945 lide
696 890 731 946 et
751 887 936 948 constantia
961 889 1023 946 etc.
1067 929 1075 945 .
1117 899 1137 944 o
1179 883 1222 942 62

290 1002 309 1046 s
350 985 369 1044 7
389 980 576 1042 Novembris
590 1011 604 1024 -
618 980 713 1040 Misit
733 981 777 1040 cd
791 982 866 1040 Nos.
881 985 1037 1051 Augusto
1051 980 1134 1050 upi-

349 1091 454 1146 scopo
470 1075 637 1142 spirensi.
655 1076 699 1133 De
714 1074 834 1134 duabus
848 1072 1058 1151 pastoralibus
1071 1071 1134 1148 epi-

348 1167 439 1230 stolis
459 1168 497 1225 ab
519 1168 627 1226 eodem
641 1166 736 1239 datis,
752 1167 790 1225 ad
806 1165 1005 1225 indicandam
1019 1163 1133 1241 populo

346 1280 403 1324 suc
425 1263 529 1321 tutam
551 1261 666 1336 agendi
682 1276 834 1332 normam,
850 1263 945 1336 etque
958 1261 997 1319 ad
1011 1259 1135 1318 meden-

348 1357 421 1417 dum
443 1353 535 1413 malis
550 1353 747 1414 aschismete
760 1354 891 1414 obortis.
907 1355 1032 1415 Laudat
1047 1353 1133 1412 eius-

347 1451 418 1509 dem
439 1446 578 1508 stndium
600 1464 635 1506 ac
657 1447 875 1523 prudentiam:
899 1449 1007 1506 monet
1028 1450 1132 1506 temen

349 1541 605 1602 dilucidationem
627 1542 829 1618 expostulare
849 1560 928 1619 quae
949 1541 1014 1618 ipse
1036 1539 1134 1600 tradi-

348 1637 397 1696 dit
419 1637 456 1696 de
477 1635 671 1696 absolutione
694 1634 809 1696 iuratis
838 1635 1067 1712 impertienda,
1096 1635 1132 1693 de

348 1729 538 1790 solemnibus
566 1729 685 1806 nuptiis
714 1730 929 1804 celebrandis,
966 1731 1003 1789 de
1036 1726 1133 1787 sacris

347 1824 460 1884 hostiis
474 1840 494 1882 a
507 1823 707 1885 schismatico
723 1826 909 1903 presbytero
927 1821 1129 1894 consecratis,

347 1920 384 1977 de
399 1916 609 1977 matrimoniis
623 1918 796 1978 contractis
810 1937 913 1980 coram
928 1915 1072 1994 parochis
1086 1914 1133 1974 iu·

349 2009 429 2070 ratis
473 2051 1071 2072 ............
1113 2025 1132 2067 s
1173 2008 1215 2067 64

347 2103 388 2167 20
407 2103 595 2165 Novembris
607 2135 622 2150 -
637 2105 727 2169 Quod
748 2107 986 2166 allocutionem.
1004 2103 1133 2163 Abbati

349 2203 400 2260 De
415 2199 534 2256 Simon
543 2197 686 2257 vicario
697 2199 860 2258 Generali
870 2197 1047 2258 Diocaesis
1058 2198 1133 2255 Me-

348 2292 469 2351 tensia.
493 2289 628 2360 Laudat,
651 2291 732 2364 quod
748 2288 947 2348 Pontificiam
963 2287 1133 2348 allocutio-

347 2402 417 2442 nem
446 2383 483 2441 de
510 2383 614 2440 morte
637 2383 791 2443 Ludovici
818 2384 894 2443 XVI
920 2384 952 2442 in
985 2383 1133 2461 gallicam

346 2476 487 2552 linguam
502 2473 701 2532 converterit
715 2518 724 2548 ‚
737 2493 868 2553 eamque
884 2478 923 2536 ad
936 2476 1039 2553 ipsum
1052 2478 1134 2536 Pou-

345 2568 464 2630 tiflcem
488 2565 705 2626 transmiserit
738 2612 1070 2630 .......
1113 2587 1132 2630 s
1173 2571 1214 2632 69

348 2664 385 2724 lo
405 2659 583 2722 Decembris
597 2663 793 2721 -Decretum
815 2661 993 2722 Gardiualis
1016 2663 1053 2722 de
1075 2665 1133 2723 Ze-

346 2759 429 2831 lada,
452 2775 512 2834 quo
542 2761 771 2826 prorogantur
799 2759 844 2816 ad
869 2773 996 2817 annum
1022 2758 1134 2818 facul·

347 2857 438 2912 tates
460 2863 645 2910 concessae
660 2868 678 2909 a
692 2848 819 2908 Summo
833 2849 988 2910 Pontiflce
998 2849 1132 2910 Archia·

346 2942 482 3020 piscopis
503 2945 537 3002 et
556 2940 716 3019 Episcopis
736 2960 772 3002 ec
797 2942 991 3004 Dioecesium
1018 2943 1134 3003 Admi-

346 3037 572 3098 nistratoribus
584 3038 686 3114 Regni
701 3036 890 3112 Galliarum,
906 3056 963 3098 neo
977 3057 1038 3098 non
1049 3039 1132 3100 cor-

347 3128 447 3201 sicae,
476 3129 666 3204 avenionis,
686 3132 722 3190 et
743 3131 918 3192 Comitatus
948 3130 1128 3203 venamini,

345 3220 528 3294 Sabaudiae,
551 3221 747 3300 aliorumque
768 3225 922 3298 locorum,
934 3243 1012 3302 quae
1027 3242 1132 3302 perse·

347 3312 468 3373 cutioni
490 3318 564 3374 sunt
584 3317 719 3378 obnoxia
741 3362 1069 3381 .......
1111 3334 1132 3379 a
1171 3317 1210 3379 70

249 3408 327 3470 1794
350 3408 388 3467 17
402 3407 791 3482 Ianuarii-Indulgenoes
802 3414 986 3475 demandees
999 3432 1038 3474 au
1050 3413 1130 3473 Sou-

345 3501 456 3564 veruin
477 3501 615 3579 Pontife,
627 3522 668 3564 au
682 3504 766 3582 sujet
780 3509 817 3567 de
831 3507 863 3573 la
877 3505 1075 3586 persecuticn
1089 3507 1129 3567 de
