2606 4268
450 244 608 302 ...87-

105 351 203 426 Resp.
219 349 345 412 Fideles
367 369 470 429 genua
489 355 617 415 flectere
638 355 751 414 debere
765 369 871 414 coram
893 350 1014 413 Hostiis

42 446 237 507 consecratis
257 446 296 506 ab
317 445 469 522 intrusis,
493 467 563 508 cum
584 449 615 507 in
638 449 679 508 iis
700 449 901 508 contineatur
923 463 1014 519 rere,

41 541 198 612 realiter,
221 547 255 600 et
276 542 535 602 substantialiter
555 545 690 619 (terpus,
712 545 746 602 et
774 541 929 620 Sanguis,
951 555 1015 602 nna

41 651 115 693 cnm
137 633 263 705 Anima,
279 636 314 693 et
333 635 510 698 Divinitate
523 639 560 697 D.
577 639 617 698 N.
635 639 660 697 I.
676 637 710 698 O.
727 631 866 697 Novaro
885 635 918 693 iu
932 633 1016 692 eius-

40 727 128 786 modi
151 728 241 786 cultu
264 731 451 804 praestando
473 728 649 789 immiscere
665 748 697 788 ae
719 729 891 789 videantur
905 727 1015 788 catho-

40 821 98 882 lici
121 840 192 881 cum
215 821 437 896 schismaticis,
459 823 616 883 curabunt
636 823 730 882 iidem
752 817 902 883 catholici
924 837 1016 880 occa-

41 915 149 975 siones
170 915 330 976 declinare
345 935 491 977 occursus
513 917 796 989 schismaticorum,
812 935 883 977 cum
904 917 1016 976 Sacra·

41 1011 189 1068 mentum
212 1009 370 1069 deferunt.

106 1104 239 1168 Quaest.
259 1105 307 1164 12.
325 1105 442 1170 Quibus
464 1103 572 1180 poenis
586 1105 769 1164 subiiciendi
789 1103 855 1162 sint
876 1103 943 1162 sive
957 1104 1015 1162 Ec·

40 1195 232 1272 clesiastici,
254 1197 321 1258 sive
343 1198 435 1271 laici,
458 1199 511 1275 qui
540 1199 773 1275 praestiterunt
801 1197 1013 1258 iuramentum

39 1293 78 1350 do
102 1289 269 1362 libertate,
285 1294 319 1349 ct
340 1292 534 1368 aequalitate
556 1293 722 1352 servanda.

102 1385 201 1460 Resp.
225 1387 294 1446 Non
318 1405 384 1446 esse
406 1386 508 1446 locum
530 1405 587 1464 pro
610 1405 690 1446 nunc
715 1385 821 1464 poenis
843 1383 1013 1458 canonicis,

39 1479 182 1537 nondum
205 1477 290 1538 edito
321 1498 378 1557 per
398 1481 639 1540 Sanctissimum
667 1479 833 1542 Dominum
860 1478 1013 1538 Nostrum

38 1571 162 1634 iudicio
183 1589 277 1647 super
298 1572 441 1648 praefato
463 1571 661 1646 iuramento,
682 1575 735 1632 sed
758 1571 924 1630 monendos
945 1586 1014 1630 esse

37 1670 73 1724 et
88 1665 203 1737 laicos,
219 1668 253 1724 et
266 1666 517 1739 Ecclesiasticus,
534 1667 586 1744 qui
601 1667 683 1728 idem
698 1666 912 1726 iuramentum
926 1681 1015 1740 prae-

38 1760 215 1831 stiterunt,
231 1765 267 1819 ut
287 1761 455 1822 consulant
475 1761 684 1822 conscientiae
706 1779 798 1834 suae,
814 1777 885 1820 cum
905 1758 936 1816 in
959 1758 1016 1816 du·

37 1854 93 1912 bio
118 1852 230 1912 iurare
251 1871 309 1911 non
332 1853 438 1914 liceat.

105 1947 238 2012 (tuaest.
257 1948 305 2006 13.
321 1948 488 2008 Postulata
506 1947 666 2008 interdum
685 1947 747 2007 luit
769 1966 787 2006 a
808 1945 1014 2008 Sanctissimo

36 2041 180 2100 Domino
211 2042 328 2102 Nostro
359 2059 418 2118 pro
449 2042 554 2118 aliquo
575 2059 615 2102 ex
644 2041 782 2102 Vicariis
815 2041 1014 2119 generalibus

38 2134 235 2194 dioecesium
257 2135 348 2212 regni
369 2136 564 2209 Galliarum,
587 2141 621 2196 et
642 2154 697 2212 pro
719 2135 792 2195 aliis
819 2134 1016 2212 simplicibus

37 2228 269 2290 Sacerdotibus
290 2229 426 2290 facultas
447 2229 649 2289 consecrandi
675 2229 778 2288 oleum
799 2228 1013 2298 infirmorum,
1085 2279 1096 2298 ,

37 2323 148 2382 oleum
160 2323 476 2395 catechumenorum,
487 2327 520 2382 et
532 2325 672 2384 sanctum
685 2322 823 2382 chrisma
833 2326 926 2382 extra
937 2324 1016 2380 tem·

37 2433 143 2494 pora,
167 2432 204 2474 eo
225 2417 304 2491 quod
327 2417 438 2476 decrat
459 2416 580 2492 triplex
601 2413 702 2476 oleum
723 2418 1014 2486 commemoratum,

35 2514 72 2569 at
96 2511 213 2568 deerat
233 2509 356 2585 pariter
376 2510 540 2588 episcopus
561 2514 773 2582 consecrator,
789 2513 855 2570 tum
878 2509 910 2568 in
931 2507 1016 2568 dioe-

38 2603 108 2664 cesi
132 2607 261 2664 carente
293 2603 415 2680 triplici
437 2605 505 2664 oleo
527 2605 730 2682 supradicto,
752 2605 820 2662 tum
847 2603 880 2662 in
902 2601 1016 2662 vicinis

37 2695 241 2755 dioecesibus
261 2697 406 2773 legitimo
428 2698 561 2758 Pastore
584 2696 716 2756 orbatis.

100 2790 195 2850 Huic
215 2792 371 2864 petitioni
393 2793 600 2867 satisfactum
623 2797 669 2850 est
692 2797 876 2866 sequentem
892 2790 929 2846 ia
950 2803 1015 2846 mo·

36 2888 133 2946 dum.
151 2887 220 2946 Non
243 2888 393 2964 expedire
415 2889 567 2948 videlicet
581 2887 766 2948 facultatem
781 2885 879 2944 tribui
895 2883 1016 2962 simpli·

13 3055 16 3064 1
36 2981 132 3040 cibus
147 2980 371 3040 Sacerdotibus
396 2981 598 3061 consecrandi
615 2981 733 3058 triplex
758 2981 858 3040 oleum
874 2996 1017 3056 praeme-

36 3078 217 3146 moratum,
240 3092 310 3132 cum
333 3077 558 3152 deprehensum
579 3074 678 3134 fuerit
706 3074 865 3133 insuetum
893 3091 959 3132 essa
981 3071 1014 3130 in

36 3167 187 3228 Ecclesia
199 3167 316 3228 Latina
331 3169 512 3228 huiusmodi
528 3171 683 3245 potestate
706 3167 864 3244 simplices
878 3165 1017 3242 Presby-

38 3265 129 3321 teros
149 3261 189 3319 ab
211 3261 384 3336 apostolica
407 3263 488 3322 Sede
512 3261 678 3338 insigniri:
699 3280 718 3322 a
737 3280 799 3337 qua
819 3261 942 3338 quidam
965 3277 1016 3318 rc-

38 3359 118 3434 gula
137 3375 176 3414 eo
191 3357 297 3414 minus
318 3357 419 3414 recedi
437 3373 496 3414 uon
513 3355 626 3413 debere
649 3354 824 3414 iudicatum
846 3369 914 3426 est,
934 3353 1015 3430 quod

37 3449 237 3528 impossibile
261 3467 319 3506 nou
342 3449 385 3508 sit
400 3448 520 3526 triplex
537 3448 640 3506 oleum
654 3465 674 3506 a
694 3448 850 3507 catholico
870 3447 1015 3524 episcopo

37 3544 264 3613 benedictum,
288 3542 314 3602 si
335 3559 396 3602 non
417 3560 457 3603 ex
477 3541 652 3619 proximis,
671 3559 711 3602 ex
739 3541 872 3602 remotis
900 3540 1015 3601 saltem
