<?xml version="1.0" encoding="UTF-8"?>
<!DOCTYPE html PUBLIC "-//W3C//DTD XHTML 1.0 Transitional//EN"
    "http://www.w3.org/TR/xhtml1/DTD/xhtml1-transitional.dtd">
<html xmlns="http://www.w3.org/1999/xhtml" xml:lang="en" lang="en">
 <head>
  <title>
</title>
<meta http-equiv="Content-Type" content="text/html;charset=utf-8" />
  <meta name='ocr-system' content='tesseract 3.04.00' />
  <meta name='ocr-capabilities' content='ocr_page ocr_carea ocr_par ocr_line ocrx_word'/>
</head>
<body>
  <div class='ocr_page' id='page_1' title='image "./piivipontmaxact02piusgoog_0020.png"; bbox 0 0 2582 4270; ppageno 0'>
   <div class='ocr_carea' id='block_1_1' title="bbox 237 376 1285 1298">
    <p class='ocr_par' dir='ltr' id='par_1_1' title="bbox 237 376 1197 736">
     <span class='ocr_line' id='line_1_1' title="bbox 298 376 1195 455; baseline -0.001 -18"><span class='ocrx_word' id='word_1_1' title='bbox 298 379 346 437; x_wconf 84' lang='grc'>17.</span> <span class='ocrx_word' id='word_1_2' title='bbox 359 378 400 438; x_wconf 93' lang='grc'>111</span> <span class='ocrx_word' id='word_1_3' title='bbox 412 379 445 437; x_wconf 93' lang='lat' dir='ltr'>hi</span> <span class='ocrx_word' id='word_1_4' title='bbox 457 377 581 439; x_wconf 79' lang='lat' dir='ltr'>exsules</span> <span class='ocrx_word' id='word_1_5' title='bbox 595 378 741 438; x_wconf 77' lang='lat' dir='ltr'><strong>adstricti</strong></span> <span class='ocrx_word' id='word_1_6' title='bbox 753 383 916 455; x_wconf 86' lang='lat' dir='ltr'>praeterea</span> <span class='ocrx_word' id='word_1_7' title='bbox 932 379 995 439; x_wconf 87' lang='lat' dir='ltr'>sint</span> <span class='ocrx_word' id='word_1_8' title='bbox 1007 379 1042 438; x_wconf 91' lang='lat' dir='ltr'>ad</span> <span class='ocrx_word' id='word_1_9' title='bbox 1056 376 1195 453; x_wconf 85' lang='lat' dir='ltr'>regulas,</span> 
     </span>
     <span class='ocr_line' id='line_1_2' title="bbox 237 469 1197 542; baseline -0.004 -12"><span class='ocrx_word' id='word_1_10' title='bbox 237 475 270 531; x_wconf 89' lang='lat' dir='ltr'>et</span> <span class='ocrx_word' id='word_1_11' title='bbox 291 471 530 531; x_wconf 85' lang='lat' dir='ltr'>consuetudines</span> <span class='ocrx_word' id='word_1_12' title='bbox 544 472 683 531; x_wconf 85' lang='lat' dir='ltr'>cuiusvis</span> <span class='ocrx_word' id='word_1_13' title='bbox 694 473 876 533; x_wconf 88' lang='lat' dir='ltr'>monasterii</span> <span class='ocrx_word' id='word_1_14' title='bbox 890 476 923 531; x_wconf 86' lang='lat' dir='ltr'>et</span> <span class='ocrx_word' id='word_1_15' title='bbox 933 474 1118 542; x_wconf 88' lang='lat' dir='ltr'>conventus,</span> <span class='ocrx_word' id='word_1_16' title='bbox 1135 469 1197 529; x_wconf 88' lang='lat' dir='ltr'>etsi</span> 
     </span>
     <span class='ocr_line' id='line_1_3' title="bbox 238 564 1195 642; baseline -0.001 -19"><span class='ocrx_word' id='word_1_17' title='bbox 238 564 415 642; x_wconf 77' lang='lat' dir='ltr'>discrepent</span> <span class='ocrx_word' id='word_1_18' title='bbox 435 584 454 625; x_wconf 92' lang='lat' dir='ltr'>a</span> <span class='ocrx_word' id='word_1_19' title='bbox 478 565 616 624; x_wconf 90' lang='lat' dir='ltr'>moribus</span> <span class='ocrx_word' id='word_1_20' title='bbox 643 566 929 638; x_wconf 77' lang='lat' dir='ltr'>monasteriorum,</span> <span class='ocrx_word' id='word_1_21' title='bbox 952 567 1195 633; x_wconf 85' lang='lat' dir='ltr'>conventumve,</span> 
     </span>
     <span class='ocr_line' id='line_1_4' title="bbox 237 657 933 736; baseline 0.003 -20"><span class='ocrx_word' id='word_1_22' title='bbox 237 658 270 716; x_wconf 91' lang='lat' dir='ltr'>in</span> <span class='ocrx_word' id='word_1_23' title='bbox 292 657 402 734; x_wconf 90' lang='lat' dir='ltr'>quibus</span> <span class='ocrx_word' id='word_1_24' title='bbox 423 657 647 735; x_wconf 84' lang='lat' dir='ltr'>professionem</span> <span class='ocrx_word' id='word_1_25' title='bbox 669 659 728 736; x_wconf 90' lang='lat' dir='ltr'>ipsi</span> <span class='ocrx_word' id='word_1_26' title='bbox 750 660 933 720; x_wconf 88' lang='lat' dir='ltr'>emiserunt.</span> 
     </span>
    </p>

    <p class='ocr_par' dir='ltr' id='par_1_2' title="bbox 237 751 1285 1204">
     <span class='ocr_line' id='line_1_5' title="bbox 300 751 1199 828; baseline -0.003 -19"><span class='ocrx_word' id='word_1_27' title='bbox 300 751 347 810; x_wconf 88' lang='grc'>18.</span> <span class='ocrx_word' id='word_1_28' title='bbox 365 753 407 811; x_wconf 91' lang='lat' dir='ltr'>Ut</span> <span class='ocrx_word' id='word_1_29' title='bbox 428 752 558 827; x_wconf 82' lang='lat' dir='ltr'>proinde</span> <span class='ocrx_word' id='word_1_30' title='bbox 573 752 604 811; x_wconf 92' lang='lat' dir='ltr'>in</span> <span class='ocrx_word' id='word_1_31' title='bbox 620 753 773 822; x_wconf 89' lang='lat' dir='ltr'>omnibus,</span> <span class='ocrx_word' id='word_1_32' title='bbox 789 771 825 812; x_wconf 86' lang='lat' dir='ltr'>ae</span> <span class='ocrx_word' id='word_1_33' title='bbox 840 769 894 828; x_wconf 90' lang='lat' dir='ltr'>per</span> <span class='ocrx_word' id='word_1_34' title='bbox 910 753 1013 812; x_wconf 89' lang='lat' dir='ltr'>omnia</span> <span class='ocrx_word' id='word_1_35' title='bbox 1027 765 1199 810; x_wconf 90' lang='lat' dir='ltr'>accommo-</span> 
     </span>
     <span class='ocr_line' id='line_1_6' title="bbox 239 837 1285 924; baseline -0.005 -21"><span class='ocrx_word' id='word_1_36' title='bbox 239 846 312 904; x_wconf 89' lang='lat' dir='ltr'>dare</span> <span class='ocrx_word' id='word_1_37' title='bbox 341 863 373 904; x_wconf 90' lang='lat' dir='ltr'>se</span> <span class='ocrx_word' id='word_1_38' title='bbox 401 846 535 909; x_wconf 87' lang='lat' dir='ltr'>debeant</span> <span class='ocrx_word' id='word_1_39' title='bbox 563 851 647 908; x_wconf 86' lang='lat' dir='ltr'>stato</span> <span class='ocrx_word' id='word_1_40' title='bbox 669 848 771 907; x_wconf 87' lang='lat' dir='ltr'>ordini</span> <span class='ocrx_word' id='word_1_41' title='bbox 793 847 987 924; x_wconf 89' lang='lat' dir='ltr'>temporique</span> <span class='ocrx_word' id='word_1_42' title='bbox 1009 841 1156 919; x_wconf 86' lang='lat' dir='ltr'>surgendi</span> <span class='ocrx_word' id='word_1_43' title='bbox 1179 858 1197 898; x_wconf 92' lang='lat' dir='ltr'>e</span> <span class='ocrx_word' id='word_1_44' title='bbox 1284 837 1285 840; x_wconf 66' lang='grc'>’</span> 
     </span>
     <span class='ocr_line' id='line_1_7' title="bbox 237 933 1198 1020; baseline -0.005 -24"><span class='ocrx_word' id='word_1_45' title='bbox 237 937 331 1011; x_wconf 83' lang='lat' dir='ltr'>lecte,</span> <span class='ocrx_word' id='word_1_46' title='bbox 348 940 482 999; x_wconf 90' lang='lat' dir='ltr'>adeundi</span> <span class='ocrx_word' id='word_1_47' title='bbox 496 942 533 1001; x_wconf 94' lang='lat' dir='ltr'>ad</span> <span class='ocrx_word' id='word_1_48' title='bbox 548 942 705 1013; x_wconf 84' lang='lat' dir='ltr'>Ghorum,</span> <span class='ocrx_word' id='word_1_49' title='bbox 725 943 762 1002; x_wconf 89' lang='lat' dir='ltr'>ad</span> <span class='ocrx_word' id='word_1_50' title='bbox 786 957 933 1020; x_wconf 84' lang='lat' dir='ltr'>mensam,</span> <span class='ocrx_word' id='word_1_51' title='bbox 951 936 1113 998; x_wconf 86' lang='lat' dir='ltr'>relaxandi</span> <span class='ocrx_word' id='word_1_52' title='bbox 1128 933 1198 992; x_wconf 90' lang='lat' dir='ltr'>ani-</span> 
     </span>
     <span class='ocr_line' id='line_1_8' title="bbox 237 1026 1285 1111; baseline -0.005 -23"><span class='ocrx_word' id='word_1_53' title='bbox 237 1047 322 1089; x_wconf 89' lang='lat' dir='ltr'>mum</span> <span class='ocrx_word' id='word_1_54' title='bbox 344 1034 418 1105; x_wconf 81' lang='lat' dir='ltr'>etc,</span> <span class='ocrx_word' id='word_1_55' title='bbox 442 1032 570 1108; x_wconf 89' lang='lat' dir='ltr'>perinde</span> <span class='ocrx_word' id='word_1_56' title='bbox 593 1037 628 1093; x_wconf 93' lang='lat' dir='ltr'>ut</span> <span class='ocrx_word' id='word_1_57' title='bbox 649 1035 802 1111; x_wconf 89' lang='lat' dir='ltr'>Religiosi</span> <span class='ocrx_word' id='word_1_58' title='bbox 818 1033 874 1094; x_wconf 89' lang='lat' dir='ltr'>alii</span> <span class='ocrx_word' id='word_1_59' title='bbox 889 1035 926 1092; x_wconf 91' lang='lat' dir='ltr'>de</span> <span class='ocrx_word' id='word_1_60' title='bbox 941 1029 1129 1090; x_wconf 89' lang='lat' dir='ltr'>monasterio</span> <span class='ocrx_word' id='word_1_61' title='bbox 1144 1026 1197 1084; x_wconf 88' lang='lat' dir='ltr'>vel</span> <span class='ocrx_word' id='word_1_62' title='bbox 1284 1061 1285 1094; x_wconf 71' lang='lat'>,</span> 
     </span>
     <span class='ocr_line' id='line_1_9' title="bbox 238 1115 794 1204; baseline 0.004 -20"><span class='ocrx_word' id='word_1_63' title='bbox 238 1129 405 1198; x_wconf 87' lang='lat' dir='ltr'>conventu,</span> <span class='ocrx_word' id='word_1_64' title='bbox 428 1145 446 1186; x_wconf 90' lang='lat' dir='ltr'>a</span> <span class='ocrx_word' id='word_1_65' title='bbox 467 1145 526 1203; x_wconf 91' lang='lat' dir='ltr'>quo</span> <span class='ocrx_word' id='word_1_66' title='bbox 549 1129 667 1204; x_wconf 80' lang='lat' dir='ltr'>recepti</span> <span class='ocrx_word' id='word_1_67' title='bbox 690 1115 794 1187; x_wconf 82' lang='lat' dir='ltr'>erunt.</span> 
     </span>
    </p>

    <p class='ocr_par' dir='ltr' id='par_1_3' title="bbox 299 1215 1198 1298">
     <span class='ocr_line' id='line_1_10' title="bbox 299 1215 1198 1298; baseline -0.009 -18"><span class='ocrx_word' id='word_1_68' title='bbox 299 1222 347 1282; x_wconf 83' lang='lat'>19.</span> <span class='ocrx_word' id='word_1_69' title='bbox 362 1221 469 1297; x_wconf 89' lang='lat' dir='ltr'>Neque</span> <span class='ocrx_word' id='word_1_70' title='bbox 485 1220 644 1298; x_wconf 87' lang='lat' dir='ltr'>singulare</span> <span class='ocrx_word' id='word_1_71' title='bbox 656 1222 822 1297; x_wconf 85' lang='lat' dir='ltr'>quidquam</span> <span class='ocrx_word' id='word_1_72' title='bbox 838 1220 868 1278; x_wconf 92' lang='lat' dir='ltr'>iu</span> <span class='ocrx_word' id='word_1_73' title='bbox 892 1219 1061 1279; x_wconf 86' lang='lat' dir='ltr'>refectione</span> <span class='ocrx_word' id='word_1_74' title='bbox 1083 1215 1198 1275; x_wconf 88' lang='lat' dir='ltr'>aliisve</span> 
     </span>
    </p>
   </div>
   <div class='ocr_carea' id='block_1_2' title="bbox 237 1311 1285 1391">
    <p class='ocr_par' dir='ltr' id='par_1_4' title="bbox 237 1311 1285 1391">
     <span class='ocr_line' id='line_1_11' title="bbox 237 1311 1285 1391; baseline -0.007 -18"><span class='ocrx_word' id='word_1_75' title='bbox 237 1315 330 1374; x_wconf 90' lang='lat' dir='ltr'>rebus</span> <span class='ocrx_word' id='word_1_76' title='bbox 341 1315 460 1390; x_wconf 88' lang='lat' dir='ltr'>possint</span> <span class='ocrx_word' id='word_1_77' title='bbox 472 1314 610 1391; x_wconf 84' lang='lat' dir='ltr'>exigere,</span> <span class='ocrx_word' id='word_1_78' title='bbox 626 1317 678 1374; x_wconf 88' lang='lat' dir='ltr'>sed</span> <span class='ocrx_word' id='word_1_79' title='bbox 694 1334 730 1374; x_wconf 92' lang='lat' dir='ltr'>ea</span> <span class='ocrx_word' id='word_1_80' title='bbox 745 1313 951 1384; x_wconf 82' lang='lat' dir='ltr'>humanitate,</span> <span class='ocrx_word' id='word_1_81' title='bbox 964 1311 1196 1386; x_wconf 81' lang='lat' dir='ltr'>charitateque,</span> <span class='ocrx_word' id='word_1_82' title='bbox 1284 1351 1285 1376; x_wconf 27' lang='grc' dir='ltr'>Ξ</span> 
     </span>
    </p>
   </div>
   <div class='ocr_carea' id='block_1_3' title="bbox 238 1407 1284 2238">
    <p class='ocr_par' dir='ltr' id='par_1_5' title="bbox 238 1407 1199 1561">
     <span class='ocr_line' id='line_1_12' title="bbox 238 1407 1199 1487; baseline -0.006 -19"><span class='ocrx_word' id='word_1_83' title='bbox 238 1427 317 1485; x_wconf 90' lang='lat' dir='ltr'>quae</span> <span class='ocrx_word' id='word_1_84' title='bbox 328 1409 401 1468; x_wconf 91' lang='lat' dir='ltr'>aliis</span> <span class='ocrx_word' id='word_1_85' title='bbox 412 1409 548 1468; x_wconf 87' lang='lat' dir='ltr'>eiusdem</span> <span class='ocrx_word' id='word_1_86' title='bbox 561 1411 726 1487; x_wconf 85' lang='lat' dir='ltr'>religionis</span> <span class='ocrx_word' id='word_1_87' title='bbox 740 1407 892 1468; x_wconf 87' lang='lat' dir='ltr'>fratribus</span> <span class='ocrx_word' id='word_1_88' title='bbox 907 1407 1111 1484; x_wconf 87' lang='lat' dir='ltr'>impenditur,</span> <span class='ocrx_word' id='word_1_89' title='bbox 1126 1421 1199 1464; x_wconf 89' lang='lat' dir='ltr'>oon·</span> 
     </span>
     <span class='ocr_line' id='line_1_13' title="bbox 238 1502 572 1561; baseline 0.003 -1"><span class='ocrx_word' id='word_1_90' title='bbox 238 1502 320 1561; x_wconf 89' lang='lat' dir='ltr'>tenti</span> <span class='ocrx_word' id='word_1_91' title='bbox 342 1519 409 1561; x_wconf 88' lang='lat' dir='ltr'>esse</span> <span class='ocrx_word' id='word_1_92' title='bbox 429 1503 572 1561; x_wconf 88' lang='lat' dir='ltr'>debeant.</span> 
     </span>
    </p>

    <p class='ocr_par' dir='ltr' id='par_1_6' title="bbox 238 1592 1198 1952">
     <span class='ocr_line' id='line_1_14' title="bbox 297 1592 1197 1672; baseline -0.007 -17"><span class='ocrx_word' id='word_1_93' title='bbox 297 1594 347 1655; x_wconf 86' lang='lat'>20.</span> <span class='ocrx_word' id='word_1_94' title='bbox 365 1598 408 1657; x_wconf 89' lang='lat' dir='ltr'>Ut·</span> <span class='ocrx_word' id='word_1_95' title='bbox 436 1595 607 1672; x_wconf 86' lang='lat' dir='ltr'>invigilent</span> <span class='ocrx_word' id='word_1_96' title='bbox 635 1596 811 1672; x_wconf 88' lang='lat' dir='ltr'>superiores</span> <span class='ocrx_word' id='word_1_97' title='bbox 838 1597 921 1656; x_wconf 91' lang='lat' dir='ltr'>omni</span> <span class='ocrx_word' id='word_1_98' title='bbox 948 1614 1044 1669; x_wconf 92' lang='lat' dir='ltr'>cura,</span> <span class='ocrx_word' id='word_1_99' title='bbox 1075 1613 1112 1653; x_wconf 93' lang='lat' dir='ltr'>ne</span> <span class='ocrx_word' id='word_1_100' title='bbox 1141 1592 1197 1670; x_wconf 92' lang='lat' dir='ltr'>qui</span> 
     </span>
     <span class='ocr_line' id='line_1_15' title="bbox 239 1687 1198 1766; baseline -0.001 -20"><span class='ocrx_word' id='word_1_101' title='bbox 239 1687 384 1747; x_wconf 83' lang='lat' dir='ltr'>distineri</span> <span class='ocrx_word' id='word_1_102' title='bbox 407 1708 439 1748; x_wconf 90' lang='lat' dir='ltr'>se</span> <span class='ocrx_word' id='word_1_103' title='bbox 461 1689 566 1750; x_wconf 88' lang='lat' dir='ltr'>sinant</span> <span class='ocrx_word' id='word_1_104' title='bbox 587 1708 818 1766; x_wconf 86' lang='lat' dir='ltr'>supervacaneo</span> <span class='ocrx_word' id='word_1_105' title='bbox 836 1691 1021 1762; x_wconf 86' lang='lat' dir='ltr'>litterarum</span> <span class='ocrx_word' id='word_1_106' title='bbox 1048 1705 1198 1748; x_wconf 87' lang='lat' dir='ltr'>commer-</span> 
     </span>
     <span class='ocr_line' id='line_1_16' title="bbox 239 1781 1198 1860; baseline 0 -20"><span class='ocrx_word' id='word_1_107' title='bbox 239 1781 298 1855; x_wconf 90' lang='lat' dir='ltr'>cio,</span> <span class='ocrx_word' id='word_1_108' title='bbox 322 1783 485 1860; x_wconf 89' lang='lat' dir='ltr'>animoque</span> <span class='ocrx_word' id='word_1_109' title='bbox 508 1784 654 1855; x_wconf 87' lang='lat' dir='ltr'>distrahi,</span> <span class='ocrx_word' id='word_1_110' title='bbox 671 1784 826 1860; x_wconf 81' lang='lat' dir='ltr'>frequenti</span> <span class='ocrx_word' id='word_1_111' title='bbox 844 1784 923 1843; x_wconf 91' lang='lat' dir='ltr'>alios</span> <span class='ocrx_word' id='word_1_112' title='bbox 939 1803 974 1844; x_wconf 93' lang='lat' dir='ltr'>ac</span> <span class='ocrx_word' id='word_1_113' title='bbox 988 1781 1198 1842; x_wconf 89' lang='lat' dir='ltr'>saecularium</span> 
     </span>
     <span class='ocr_line' id='line_1_17' title="bbox 238 1876 832 1952; baseline 0.007 -18"><span class='ocrx_word' id='word_1_114' title='bbox 238 1876 425 1952; x_wconf 89' lang='lat' dir='ltr'>praesertim</span> <span class='ocrx_word' id='word_1_115' title='bbox 448 1879 553 1936; x_wconf 89' lang='lat' dir='ltr'>domos</span> <span class='ocrx_word' id='word_1_116' title='bbox 575 1878 695 1936; x_wconf 85' lang='lat' dir='ltr'>visendi</span> <span class='ocrx_word' id='word_1_117' title='bbox 718 1880 832 1938; x_wconf 87' lang='lat' dir='ltr'>studio.</span> 
     </span>
    </p>

    <p class='ocr_par' dir='ltr' id='par_1_7' title="bbox 238 1971 1284 2238">
     <span class='ocr_line' id='line_1_18' title="bbox 298 1971 1200 2033; baseline -0.002 -3"><span class='ocrx_word' id='word_1_118' title='bbox 298 1971 349 2030; x_wconf 89' lang='grc'>21.</span> <span class='ocrx_word' id='word_1_119' title='bbox 368 1972 409 2031; x_wconf 91' lang='grc'>111</span> <span class='ocrx_word' id='word_1_120' title='bbox 431 1971 457 2029; x_wconf 90' lang='lat' dir='ltr'>si</span> <span class='ocrx_word' id='word_1_121' title='bbox 479 1972 661 2031; x_wconf 90' lang='lat' dir='ltr'>monasterii</span> <span class='ocrx_word' id='word_1_122' title='bbox 676 1972 835 2033; x_wconf 89' lang='lat' dir='ltr'>cuiusdam</span> <span class='ocrx_word' id='word_1_123' title='bbox 859 1976 916 2031; x_wconf 85' lang='lat' dir='ltr'>aut</span> <span class='ocrx_word' id='word_1_124' title='bbox 929 1975 1102 2032; x_wconf 80' lang='lat' dir='ltr'>conventus</span> <span class='ocrx_word' id='word_1_125' title='bbox 1124 1988 1200 2029; x_wconf 91' lang='lat' dir='ltr'>con-</span> 
     </span>
     <span class='ocr_line' id='line_1_19' title="bbox 238 2063 1198 2142; baseline 0 -20"><span class='ocrx_word' id='word_1_126' title='bbox 238 2063 364 2123; x_wconf 88' lang='lat' dir='ltr'>fessarii</span> <span class='ocrx_word' id='word_1_127' title='bbox 385 2065 525 2141; x_wconf 82' lang='lat' dir='ltr'>imperiti</span> <span class='ocrx_word' id='word_1_128' title='bbox 554 2065 618 2125; x_wconf 90' lang='lat' dir='ltr'>sint</span> <span class='ocrx_word' id='word_1_129' title='bbox 646 2066 759 2126; x_wconf 73' lang='lat' dir='ltr'>Gallici</span> <span class='ocrx_word' id='word_1_130' title='bbox 789 2066 969 2138; x_wconf 88' lang='lat' dir='ltr'>idiomatis,</span> <span class='ocrx_word' id='word_1_131' title='bbox 992 2065 1136 2142; x_wconf 88' lang='lat' dir='ltr'>superior</span> <span class='ocrx_word' id='word_1_132' title='bbox 1157 2083 1198 2122; x_wconf 86' lang='lat' dir='ltr'>ex</span> 
     </span>
     <span class='ocr_line' id='line_1_20' title="bbox 238 2158 1284 2238; baseline -0.001 -21"><span class='ocrx_word' id='word_1_133' title='bbox 238 2158 316 2235; x_wconf 90' lang='lat' dir='ltr'>ipsis</span> <span class='ocrx_word' id='word_1_134' title='bbox 337 2159 493 2236; x_wconf 84' lang='lat' dir='ltr'>religiosis</span> <span class='ocrx_word' id='word_1_135' title='bbox 514 2160 672 2219; x_wconf 87' lang='lat' dir='ltr'>exsulibus</span> <span class='ocrx_word' id='word_1_136' title='bbox 688 2161 819 2238; x_wconf 84' lang='lat' dir='ltr'>deligat,</span> <span class='ocrx_word' id='word_1_137' title='bbox 835 2161 946 2236; x_wconf 88' lang='lat' dir='ltr'>quibus</span> <span class='ocrx_word' id='word_1_138' title='bbox 967 2159 1102 2218; x_wconf 84' lang='lat' dir='ltr'>maxime</span> <span class='ocrx_word' id='word_1_139' title='bbox 1123 2175 1201 2217; x_wconf 90' lang='lat' dir='ltr'>con·</span> <span class='ocrx_word' id='word_1_140' title='bbox 1283 2171 1284 2198; x_wconf 76' lang='lat'><em>³</em></span> 
     </span>
    </p>
   </div>
   <div class='ocr_carea' id='block_1_4' title="bbox 238 2252 1284 2330">
    <p class='ocr_par' dir='ltr' id='par_1_8' title="bbox 238 2252 1284 2330">
     <span class='ocr_line' id='line_1_21' title="bbox 238 2252 1284 2330; baseline -0.004 -19"><span class='ocrx_word' id='word_1_141' title='bbox 238 2252 334 2312; x_wconf 91' lang='lat' dir='ltr'>fidere</span> <span class='ocrx_word' id='word_1_142' title='bbox 355 2271 388 2312; x_wconf 91' lang='lat' dir='ltr'>se</span> <span class='ocrx_word' id='word_1_143' title='bbox 409 2271 496 2330; x_wconf 89' lang='lat' dir='ltr'>posse</span> <span class='ocrx_word' id='word_1_144' title='bbox 518 2255 645 2327; x_wconf 90' lang='lat' dir='ltr'>credet,</span> <span class='ocrx_word' id='word_1_145' title='bbox 668 2254 891 2330; x_wconf 83' lang='lat' dir='ltr'>adstringendo</span> <span class='ocrx_word' id='word_1_146' title='bbox 911 2270 964 2311; x_wconf 91' lang='lat' dir='ltr'>eos</span> <span class='ocrx_word' id='word_1_147' title='bbox 991 2253 1027 2310; x_wconf 91' lang='lat' dir='ltr'>ad</span> <span class='ocrx_word' id='word_1_148' title='bbox 1054 2268 1197 2322; x_wconf 82' lang='lat' dir='ltr'>examen,</span> <span class='ocrx_word' id='word_1_149' title='bbox 1283 2269 1284 2294; x_wconf 60' lang='grc'>1</span> 
     </span>
    </p>
   </div>
   <div class='ocr_carea' id='block_1_5' title="bbox 238 2348 1283 3642">
    <p class='ocr_par' dir='ltr' id='par_1_9' title="bbox 238 2348 661 2426">
     <span class='ocr_line' id='line_1_22' title="bbox 238 2348 661 2426; baseline 0.002 -20"><span class='ocrx_word' id='word_1_150' title='bbox 238 2367 298 2424; x_wconf 93' lang='lat' dir='ltr'>quo</span> <span class='ocrx_word' id='word_1_151' title='bbox 320 2367 351 2406; x_wconf 89' lang='lat' dir='ltr'>ss</span> <span class='ocrx_word' id='word_1_152' title='bbox 373 2348 498 2408; x_wconf 87' lang='lat' dir='ltr'>idoneos</span> <span class='ocrx_word' id='word_1_153' title='bbox 519 2350 661 2426; x_wconf 90' lang='lat' dir='ltr'>probent.</span> 
     </span>
    </p>

    <p class='ocr_par' dir='ltr' id='par_1_10' title="bbox 238 2439 1283 3174">
     <span class='ocr_line' id='line_1_23' title="bbox 299 2439 1200 2520; baseline -0.006 -18"><span class='ocrx_word' id='word_1_154' title='bbox 299 2444 349 2504; x_wconf 84' lang='lat'>22.</span> <span class='ocrx_word' id='word_1_155' title='bbox 367 2445 409 2504; x_wconf 91' lang='lat' dir='ltr'>Ut</span> <span class='ocrx_word' id='word_1_156' title='bbox 423 2445 585 2520; x_wconf 83' lang='lat' dir='ltr'>regulares</span> <span class='ocrx_word' id='word_1_157' title='bbox 597 2443 719 2502; x_wconf 85' lang='lat' dir='ltr'>Galliae</span> <span class='ocrx_word' id='word_1_158' title='bbox 734 2443 868 2512; x_wconf 80' lang='lat' dir='ltr'>exsules,</span> <span class='ocrx_word' id='word_1_159' title='bbox 878 2441 931 2518; x_wconf 94' lang='lat' dir='ltr'>qui</span> <span class='ocrx_word' id='word_1_160' title='bbox 944 2439 1115 2517; x_wconf 88' lang='lat' dir='ltr'>provisorie</span> <span class='ocrx_word' id='word_1_161' title='bbox 1127 2445 1200 2498; x_wconf 90' lang='lat' dir='ltr'>tan·</span> 
     </span>
     <span class='ocr_line' id='line_1_24' title="bbox 239 2532 1200 2613; baseline -0.007 -16"><span class='ocrx_word' id='word_1_162' title='bbox 239 2541 306 2598; x_wconf 87' lang='lat' dir='ltr'>tum</span> <span class='ocrx_word' id='word_1_163' title='bbox 328 2536 536 2613; x_wconf 86' lang='lat' dir='ltr'>recipiuntur,</span> <span class='ocrx_word' id='word_1_164' title='bbox 552 2538 684 2596; x_wconf 89' lang='lat' dir='ltr'>moleste</span> <span class='ocrx_word' id='word_1_165' title='bbox 699 2537 783 2596; x_wconf 90' lang='lat' dir='ltr'>ferre</span> <span class='ocrx_word' id='word_1_166' title='bbox 798 2555 857 2596; x_wconf 89' lang='lat' dir='ltr'>non</span> <span class='ocrx_word' id='word_1_167' title='bbox 879 2536 1023 2608; x_wconf 88' lang='lat' dir='ltr'>debeant,</span> <span class='ocrx_word' id='word_1_168' title='bbox 1038 2533 1107 2592; x_wconf 87' lang='lat' dir='ltr'>siin</span> <span class='ocrx_word' id='word_1_169' title='bbox 1121 2532 1200 2592; x_wconf 90' lang='lat' dir='ltr'>acti-</span> 
     </span>
     <span class='ocr_line' id='line_1_25' title="bbox 238 2626 1200 2707; baseline -0.004 -17"><span class='ocrx_word' id='word_1_170' title='bbox 238 2632 295 2690; x_wconf 93' lang='lat' dir='ltr'>bus</span> <span class='ocrx_word' id='word_1_171' title='bbox 315 2631 542 2707; x_wconf 85' lang='lat' dir='ltr'>capitularibus</span> <span class='ocrx_word' id='word_1_172' title='bbox 566 2634 599 2690; x_wconf 89' lang='lat' dir='ltr'>et</span> <span class='ocrx_word' id='word_1_173' title='bbox 619 2631 823 2692; x_wconf 86' lang='lat' dir='ltr'>electionibus</span> <span class='ocrx_word' id='word_1_174' title='bbox 844 2632 972 2688; x_wconf 89' lang='lat' dir='ltr'>careant</span> <span class='ocrx_word' id='word_1_175' title='bbox 995 2647 1071 2687; x_wconf 81' lang='lat' dir='ltr'>voce</span> <span class='ocrx_word' id='word_1_176' title='bbox 1092 2626 1200 2686; x_wconf 88' lang='lat' dir='ltr'>activa</span> 
     </span>
     <span class='ocr_line' id='line_1_26' title="bbox 239 2719 1283 2801; baseline -0.009 -17"><span class='ocrx_word' id='word_1_177' title='bbox 239 2729 273 2784; x_wconf 86' lang='lat' dir='ltr'>at</span> <span class='ocrx_word' id='word_1_178' title='bbox 287 2726 424 2801; x_wconf 85' lang='lat' dir='ltr'>passiva,</span> <span class='ocrx_word' id='word_1_179' title='bbox 440 2725 499 2784; x_wconf 89' lang='lat' dir='ltr'>nisi</span> <span class='ocrx_word' id='word_1_180' title='bbox 513 2743 661 2801; x_wconf 84' lang='lat' dir='ltr'>expressa</span> <span class='ocrx_word' id='word_1_181' title='bbox 682 2722 836 2786; x_wconf 83' lang='lat' dir='ltr'>habeatur</span> <span class='ocrx_word' id='word_1_182' title='bbox 857 2725 991 2786; x_wconf 85' lang='lat' dir='ltr'>facultas</span> <span class='ocrx_word' id='word_1_183' title='bbox 1009 2719 1200 2780; x_wconf 85' lang='lat' dir='ltr'>sanctissimi</span> <span class='ocrx_word' id='word_1_184' title='bbox 1282 2795 1283 2798; x_wconf 7' lang='grc' dir='ltr'><strong>Ἴ</strong></span> 
     </span>
     <span class='ocr_line' id='line_1_27' title="bbox 239 2813 1202 2895; baseline -0.009 -17"><span class='ocrx_word' id='word_1_185' title='bbox 239 2818 363 2878; x_wconf 89' lang='lat' dir='ltr'>Domini</span> <span class='ocrx_word' id='word_1_186' title='bbox 392 2818 502 2878; x_wconf 87' lang='lat' dir='ltr'>Nostri</span> <span class='ocrx_word' id='word_1_187' title='bbox 531 2836 586 2895; x_wconf 89' lang='lat' dir='ltr'>per</span> <span class='ocrx_word' id='word_1_188' title='bbox 614 2820 693 2878; x_wconf 90' lang='lat' dir='ltr'>hanc</span> <span class='ocrx_word' id='word_1_189' title='bbox 721 2818 930 2878; x_wconf 86' lang='lat' dir='ltr'>Secretariam</span> <span class='ocrx_word' id='word_1_190' title='bbox 964 2818 1073 2875; x_wconf 88' lang='lat' dir='ltr'>Status</span> <span class='ocrx_word' id='word_1_191' title='bbox 1101 2813 1202 2887; x_wconf 89' lang='lat' dir='ltr'>impe·</span> 
     </span>
     <span class='ocr_line' id='line_1_28' title="bbox 240 2904 1202 2988; baseline -0.009 -18"><span class='ocrx_word' id='word_1_192' title='bbox 240 2912 365 2983; x_wconf 89' lang='lat' dir='ltr'>tranda‚</span> <span class='ocrx_word' id='word_1_193' title='bbox 388 2914 421 2969; x_wconf 90' lang='lat' dir='ltr'>et</span> <span class='ocrx_word' id='word_1_194' title='bbox 441 2909 500 2986; x_wconf 91' lang='lat' dir='ltr'>ipsi</span> <span class='ocrx_word' id='word_1_195' title='bbox 523 2909 644 2970; x_wconf 88' lang='lat' dir='ltr'>instent</span> <span class='ocrx_word' id='word_1_196' title='bbox 664 2911 858 2988; x_wconf 88' lang='lat' dir='ltr'>Superiores.</span> <span class='ocrx_word' id='word_1_197' title='bbox 875 2906 1086 2970; x_wconf 88' lang='lat' dir='ltr'>Nihilominus</span> <span class='ocrx_word' id='word_1_198' title='bbox 1112 2904 1202 2966; x_wconf 89' lang='lat' dir='ltr'>adhi-</span> 
     </span>
     <span class='ocr_line' id='line_1_29' title="bbox 240 2999 1202 3081; baseline -0.005 -19"><span class='ocrx_word' id='word_1_199' title='bbox 240 3003 309 3063; x_wconf 90' lang='lat' dir='ltr'>beri</span> <span class='ocrx_word' id='word_1_200' title='bbox 331 3004 369 3064; x_wconf 91' lang='lat' dir='ltr'>ad</span> <span class='ocrx_word' id='word_1_201' title='bbox 392 3022 428 3062; x_wconf 87' lang='lat' dir='ltr'>ea</span> <span class='ocrx_word' id='word_1_202' title='bbox 450 3003 549 3064; x_wconf 87' lang='lat' dir='ltr'>officia</span> <span class='ocrx_word' id='word_1_203' title='bbox 570 3008 711 3080; x_wconf 89' lang='lat' dir='ltr'>possunt,</span> <span class='ocrx_word' id='word_1_204' title='bbox 727 3022 805 3081; x_wconf 88' lang='lat' dir='ltr'>quae</span> <span class='ocrx_word' id='word_1_205' title='bbox 827 3003 865 3062; x_wconf 89' lang='lat' dir='ltr'>ab</span> <span class='ocrx_word' id='word_1_206' title='bbox 880 3001 1046 3061; x_wconf 90' lang='lat' dir='ltr'>eorundem</span> <span class='ocrx_word' id='word_1_207' title='bbox 1062 2999 1202 3074; x_wconf 88' lang='lat' dir='ltr'>pendent</span> 
     </span>
     <span class='ocr_line' id='line_1_30' title="bbox 241 3096 682 3174; baseline 0.002 -19"><span class='ocrx_word' id='word_1_208' title='bbox 241 3096 445 3173; x_wconf 87' lang='lat' dir='ltr'>dispositione</span> <span class='ocrx_word' id='word_1_209' title='bbox 467 3097 682 3174; x_wconf 88' lang='lat' dir='ltr'>Superiorum.</span> 
     </span>
    </p>

    <p class='ocr_par' dir='ltr' id='par_1_11' title="bbox 240 3183 1202 3456">
     <span class='ocr_line' id='line_1_31' title="bbox 300 3183 1202 3268; baseline -0.014 -16"><span class='ocrx_word' id='word_1_210' title='bbox 300 3192 351 3252; x_wconf 89' lang='grc'>23.</span> <span class='ocrx_word' id='word_1_211' title='bbox 374 3196 417 3253; x_wconf 89' lang='grc'>111</span> <span class='ocrx_word' id='word_1_212' title='bbox 438 3192 566 3268; x_wconf 89' lang='lat' dir='ltr'>professi</span> <span class='ocrx_word' id='word_1_213' title='bbox 589 3193 660 3252; x_wconf 89' lang='lat' dir='ltr'>laici</span> <span class='ocrx_word' id='word_1_214' title='bbox 683 3191 753 3268; x_wconf 90' lang='lat' dir='ltr'>pari</span> <span class='ocrx_word' id='word_1_215' title='bbox 775 3187 1004 3266; x_wconf 89' lang='lat' dir='ltr'>hospitalitatis</span> <span class='ocrx_word' id='word_1_216' title='bbox 1033 3183 1129 3243; x_wconf 88' lang='lat' dir='ltr'>officio</span> <span class='ocrx_word' id='word_1_217' title='bbox 1151 3199 1202 3240; x_wconf 90' lang='lat' dir='ltr'>re-</span> 
     </span>
     <span class='ocr_line' id='line_1_32' title="bbox 240 3280 1202 3360; baseline -0.01 -17"><span class='ocrx_word' id='word_1_218' title='bbox 240 3284 323 3360; x_wconf 89' lang='lat' dir='ltr'>cepti</span> <span class='ocrx_word' id='word_1_219' title='bbox 344 3283 376 3342; x_wconf 91' lang='lat' dir='ltr'>in</span> <span class='ocrx_word' id='word_1_220' title='bbox 396 3285 598 3346; x_wconf 74' lang='lat' dir='ltr'>&#39;monasteriis</span> <span class='ocrx_word' id='word_1_221' title='bbox 619 3289 652 3346; x_wconf 92' lang='lat' dir='ltr'>et</span> <span class='ocrx_word' id='word_1_222' title='bbox 671 3284 876 3344; x_wconf 87' lang='lat' dir='ltr'>conventibus</span> <span class='ocrx_word' id='word_1_223' title='bbox 891 3280 1039 3358; x_wconf 84' lang='lat' dir='ltr'>defugere</span> <span class='ocrx_word' id='word_1_224' title='bbox 1054 3296 1113 3336; x_wconf 89' lang='lat' dir='ltr'>non</span> <span class='ocrx_word' id='word_1_225' title='bbox 1129 3293 1202 3352; x_wconf 90' lang='lat' dir='ltr'>pos-</span> 
     </span>
     <span class='ocr_line' id='line_1_33' title="bbox 240 3376 898 3456; baseline -0.003 -20"><span class='ocrx_word' id='word_1_226' title='bbox 240 3377 306 3436; x_wconf 89' lang='lat' dir='ltr'>sint</span> <span class='ocrx_word' id='word_1_227' title='bbox 327 3393 467 3451; x_wconf 88' lang='lat' dir='ltr'>munera,</span> <span class='ocrx_word' id='word_1_228' title='bbox 491 3397 568 3456; x_wconf 90' lang='lat' dir='ltr'>quae</span> <span class='ocrx_word' id='word_1_229' title='bbox 589 3376 666 3454; x_wconf 90' lang='lat' dir='ltr'>ipsis</span> <span class='ocrx_word' id='word_1_230' title='bbox 687 3378 898 3454; x_wconf 87' lang='lat' dir='ltr'>imponentur.</span> 
     </span>
    </p>

    <p class='ocr_par' dir='ltr' id='par_1_12' title="bbox 240 3461 1205 3642">
     <span class='ocr_line' id='line_1_34' title="bbox 264 3461 1200 3549; baseline -0.011 -19"><span class='ocrx_word' id='word_1_231' title='bbox 264 3488 271 3505; x_wconf 93' lang='lat'>·</span> <span class='ocrx_word' id='word_1_232' title='bbox 301 3471 438 3548; x_wconf 89' lang='lat' dir='ltr'>Denique</span> <span class='ocrx_word' id='word_1_233' title='bbox 459 3476 623 3549; x_wconf 87' lang='lat' dir='ltr'>perspecta</span> <span class='ocrx_word' id='word_1_234' title='bbox 643 3471 835 3544; x_wconf 89' lang='lat' dir='ltr'>sollicitudo,</span> <span class='ocrx_word' id='word_1_235' title='bbox 857 3466 1082 3546; x_wconf 88' lang='lat' dir='ltr'>diligentiaque</span> <span class='ocrx_word' id='word_1_236' title='bbox 1102 3463 1141 3524; x_wconf 88' lang='lat' dir='ltr'>N.</span> <span class='ocrx_word' id='word_1_237' title='bbox 1158 3461 1200 3521; x_wconf 94' lang='lat' dir='ltr'>N.</span> 
     </span>
     <span class='ocr_line' id='line_1_35' title="bbox 240 3556 1205 3642; baseline -0.007 -21"><span class='ocrx_word' id='word_1_238' title='bbox 240 3563 273 3622; x_wconf 91' lang='lat' dir='ltr'>in</span> <span class='ocrx_word' id='word_1_239' title='bbox 296 3564 326 3624; x_wconf 90' lang='lat' dir='ltr'>id</span> <span class='ocrx_word' id='word_1_240' title='bbox 349 3565 474 3626; x_wconf 86' lang='lat' dir='ltr'>intenta</span> <span class='ocrx_word' id='word_1_241' title='bbox 494 3566 569 3639; x_wconf 89' lang='lat' dir='ltr'>erit,</span> <span class='ocrx_word' id='word_1_242' title='bbox 585 3570 621 3626; x_wconf 85' lang='lat' dir='ltr'>ut</span> <span class='ocrx_word' id='word_1_243' title='bbox 635 3567 692 3626; x_wconf 89' lang='lat' dir='ltr'>hae</span> <span class='ocrx_word' id='word_1_244' title='bbox 708 3564 887 3642; x_wconf 84' lang='lat' dir='ltr'>pontificiae</span> <span class='ocrx_word' id='word_1_245' title='bbox 908 3559 1120 3621; x_wconf 89' lang='lat' dir='ltr'>ordinationes</span> <span class='ocrx_word' id='word_1_246' title='bbox 1136 3556 1205 3632; x_wconf 89' lang='lat' dir='ltr'>ple-</span> 
     </span>
    </p>
   </div>
   <div class='ocr_carea' id='block_1_6' title="bbox 0 0 1301 4270">
    <p class='ocr_par' dir='ltr' id='par_1_13' title="bbox 0 0 1301 4270">
     <span class='ocr_line' id='line_1_36' title="bbox 0 0 1301 4270; baseline 0 0"><span class='ocrx_word' id='word_1_247' title='bbox 0 0 1301 4270; x_wconf 95' lang='lat' dir='ltr'> </span> 
     </span>
    </p>
   </div>
  </div>
 </body>
</html>
