2624 4260
474 339 512 353 -
532 303 591 368 241
615 341 653 355 ..

74 415 164 478 tanti
179 417 335 495 praesulis
355 433 473 478 annosa
494 417 667 494 gravitate,
690 419 758 477 tota
778 417 891 478 cecidit
912 419 1043 482 victoris

76 510 239 571 ferocitas.
256 510 335 578 Quid
357 504 434 588 ergo
456 510 543 569 nobis
557 510 727 588 lugendum
742 511 843 587 magis
856 529 948 588 quam
962 515 1044 591 quod
1148 541 1152 550 ·

76 606 116 664 de
138 607 246 665 nostra
260 603 377 676 Gallis,
399 622 479 682 quae
501 621 600 681 nuper
620 621 726 681 regem
741 623 831 664 suum
846 601 1045 669 etOhristia-

75 698 242 759 nissimum
256 701 290 758 et
303 698 462 759 Ecclesiae
484 701 560 758 natu
581 699 730 758 maiorem
745 699 905 777 appellare
927 692 1045 778 gloria*

74 791 185 865 batur,
208 791 373 869 eruperint
395 791 629 870 homines,qui,
643 809 700 868 per
722 793 964 854 debacchantem
985 796 1043 856 im-

75 884 148 962 piae
169 885 385 962 philosophiae
406 885 610 958 dementiam,
630 885 733 946 subito
754 888 917 948 evaserint
930 891 1045 952 Gothis

76 983 111 1039 et
127 980 278 1041 Vandalis
291 979 368 1058 ipsis
389 980 588 1040 immanitate
601 979 814 1040 crudeliores?
827 982 887 1049 Qui
900 981 973 1043 fieri
987 1003 1044 1063 po-

76 1075 143 1135 tuit
164 1077 200 1134 ut
224 1074 365 1133 h'omines
386 1075 480 1151 longo
509 1073 675 1151 religionis
696 1079 753 1134 aut
780 1075 893 1135 saltem
916 1076 1043 1140 innatae

75 1169 239 1228 cuiusdam
258 1167 467 1229 humanitatis
493 1185 550 1226 usu
574 1166 748 1239 informati,
764 1166 872 1242 citius,
889 1187 981 1245 quam
996 1173 1043 1232 in·

75 1263 181 1323 cultae
202 1265 236 1321 et
255 1261 397 1339 hispidae
420 1265 535 1320 natura
557 1261 718 1333 nationes,¹
734 1278 805 1318 eum
823 1262 973 1322 exuerint
990 1267 1044 1324 re-

75 1355 240 1417 verentiae
262 1371 406 1427 sensum,
428 1371 518 1430 quem
541 1353 574 1413 vi
593 1353 707 1415 blanda
728 1353 787 1414 sihi
809 1356 973 1417 attrahere
995 1358 1045 1416 vi·

74 1449 210 1510 debatur
224 1447 415 1508 venerabilis
431 1451 556 1522 Pastor,
571 1449 602 1506 in
617 1466 677 1525 quc
691 1448 800 1508 senilis
813 1449 1043 1525 maiestas,'au-

76 1545 170 1621 gusta
180 1542 280 1614 frons,
290 1542 458 1622 dignitatis
469 1542 627 1618 splendor,
640 1544 691 1601 tot
701 1541 848 1618 pacificae
859 1544 959 1617 dotes,
971 1562 1045 1603 con·

75 1642 164 1698 stans
185 1639 219 1697 et
243 1636 328 1697 elata
353 1653 439 1695 mens
467 1634 500 1692 in
531 1633 693 1707 adversis,
724 1635 882 1696 virtutum
911 1637 1043 1715 denique

75 1716 216 1792 omnium
237 1747 326 1790 sacer
346 1728 514 1789 comitatus
527 1727 663 1788 caeleste
684 1731 836 1805 quoddam
855 1731 888 1790 et
901 1731 1042 1792 divinum

74 1823 260 1903 spirabantt

136 1919 211 1978 Inde
233 1917 338 1977 luctus
359 1917 479 1987 noster,
494 1913 566 1973 inde
588 1931 724 1988 moeror,
743 1914 816 1974 inde
830 1933 884 1976 cor
898 1921 1043 1980 nostrum

4 2069 5 2080 ,
74 2014 170 2076 anxie
191 2012 351 2091 pavitans,
366 2014 400 2070 et
421 2009 545 2069 assidua
566 2011 603 2068 ad
625 2008 790 2068 Dominum
812 2012 991 2088 deprecatio
1007 2017 1044 2076 ut

73 2108 188 2168 mittat
207 2106 364 2184 Angelum
386 2121 476 2165 suum
498 2104 626 2175 bonum,
652 2102 706 2179 qui
728 2106 759 2162 te
781 2105 903 2164 salvum
925 2107 1040 2182 lacere,

74 2200 186 2274 solari,
209 2198 354 2260 comitari
377 2197 469 2270 velit,
493 2198 605 2255 ducere
627 2215 663 2257 sc
678 2198 839 2256 reducere.

135 2294 201 2353 Sub
215 2293 273 2353 hac
287 2295 378 2352 tanta
391 2290 546 2352 malorum
558 2288 717 2366 congerie,
731 2289 819 2349 nobis
834 2293 952 2366 tumen,
965 2294 1043 2355 Bea-

73 2388 199 2449 tissime
219 2387 329 2459 Pater,
349 2387 495 2462 superest
515 2383 657 2460 aliquid,
679 2384 761 2459 quod
783 2383 899 2444 mirum
921 2385 954 2444 in
976 2404 1043 2448 mo-

74 2484 149 2542 dum
182 2480 327 2540 sublevat
347 2477 478 2539 animos.
506 2480 541 2538 In
569 2476 732 2539 Gatholica
763 2477 907 2540 doctrina
934 2479 1041 2541 ratum

72 2575 190 2654 quippe
211 2575 260 2633 est
279 2561 313 2632 et
341 2572 495 2632 divinitus
520 2573 701 2644 statutum,
724 2570 817 2631 fldem
838 2573 928 2633 Petri
950 2592 1042 2634 nnm-

72 2687 167 2747 quam
189 2666 382 2727 defecturam
403 2665 575 2739 esse,·imo
603 2683 699 2742 usque
721 2665 758 2725 ad
781 2665 876 2726 finem
897 2669 1041 2728 saeculo-

72 2779 145 2823 rum
166 2776 413 2838 permansuram.
430 2759 582 2820 Sublimis
601 2758 660 2818 illa
681 2757 881 2818 Summorum
902 2760 1040 2820 Pontid-

72 2873 144 2916 cum
166 2855 254 2914 sedes
275 2857 309 2914 et
328 2854 472 2914 columna
491 2852 641 2913 veritatis
663 2852 849 2930 procellosis
869 2852 1040 2930 impiorum

71 2948 235 3008 hominum
256 2947 420 3008 affectibus
441 2949 475 3007 et
495 2947 647 3007 scelerum
662 2948 751 3006 aestu
772 2945 893 3024 peterit
914 2946 1040 3023 quidem
1121 3001 1124 3012 ,

71 3043 234 3104 interdum
244 3040 392 3114 concuti,
404 3040 530 3115 iactari,
546 3042 599 3100 sed
614 3057 782 3118 numquam
795 3039 939 3100 funditus
953 3041 1041 3101 avel-
1057 3037 1062 3047 '

7 3187 8 3201 ,
70 3135 109 3196 li.
135 3133 327 3210 Ubicumque
345 3132 631 3194 terrarumriuerit
657 3131 818 3208 Pontifex,
834 3132 887 3210 qui
912 3133 1039 3194 canoni·

72 3246 110 3289 ca
130 3227 201 3305 lege
222 3226 272 3286 ius
296 3229 330 3286 et
350 3226 454 3286 sedem
476 3227 584 3285 teneat
603 3225 705 3299 illius,
728 3226 779 3286 cui
794 3243 813 3285 a
827 3225 954 3288 Christo
973 3229 1040 3286 Do-

73 3321 160 3380 mino
182 3319 387 3380 dictumest:
414 3318 464 3378 Tu
483 3335 515 3379 cs
538 3319 673 3392 Petrus,
704 3329 736 3380 et
755 3337 852 3398 super
874 3320 959 3382 tunc
979 3338 1039 3397 pe-

73 3422 162 3473 trum
186 3414 364 3492 aedificabo
391 3413 571 3476 Ecclesium
593 3430 723 3486 mcum‚·
746 3418 780 3475 et
801 3431 952 3474 rursum:
977 3415 1041 3474 Ro-

73 3507 155 3584 gavi
176 3523 239 3582 pro
259 3514 305 3580 tc,
332 3515 369 3566 ut
389 3524 458 3566 nea
482 3507 615 3585 deficiat
642 3507 724 3585 fides
747 3515 827 3580 tua,·
849 3506 893 3565 ibi
919 3510 952 3566 et
977 3507 1041 3567 erit

72 3603 156 3664 idem
183 3605 326 3664 centrum
356 3603 512 3678 unitatis,
535 3603 616 3682 quod
642 3605 763 3666 assidue
791 3604 925 3664 debeant
955 3607 1042 3665 cete-

171 3723 231 3776 Vol.
249 3726 295 3776 11.
917 3730 948 3776 1e
