<?xml version="1.0" encoding="UTF-8"?>
<!DOCTYPE html PUBLIC "-//W3C//DTD XHTML 1.0 Transitional//EN"
    "http://www.w3.org/TR/xhtml1/DTD/xhtml1-transitional.dtd">
<html xmlns="http://www.w3.org/1999/xhtml" xml:lang="en" lang="en">
 <head>
  <title>
</title>
<meta http-equiv="Content-Type" content="text/html;charset=utf-8" />
  <meta name='ocr-system' content='tesseract 3.04.00' />
  <meta name='ocr-capabilities' content='ocr_page ocr_carea ocr_par ocr_line ocrx_word'/>
</head>
<body>
  <div class='ocr_page' id='page_1' title='image "./piivipontmaxact02piusgoog_0279.png"; bbox 0 0 2632 4262; ppageno 0'>
   <div class='ocr_carea' id='block_1_1' title="bbox 74 387 1052 3640">
    <p class='ocr_par' dir='ltr' id='par_1_1' title="bbox 74 387 1052 3640">
     <span class='ocr_line' id='line_1_1' title="bbox 77 387 1043 466; baseline -0.001 -19"><span class='ocrx_word' id='word_1_1' title='bbox 77 403 165 466; x_wconf 87' lang='lat' dir='ltr'>pore.</span> <span class='ocrx_word' id='word_1_2' title='bbox 188 387 269 448; x_wconf 89' lang='lat' dir='ltr'>Hinc</span> <span class='ocrx_word' id='word_1_3' title='bbox 291 387 366 448; x_wconf 91' lang='lat' dir='ltr'>illae</span> <span class='ocrx_word' id='word_1_4' title='bbox 387 388 508 450; x_wconf 90' lang='lat' dir='ltr'>irarum</span> <span class='ocrx_word' id='word_1_5' title='bbox 537 388 754 464; x_wconf 89' lang='lat' dir='ltr'>minarumque</span> <span class='ocrx_word' id='word_1_6' title='bbox 776 387 885 464; x_wconf 81' lang='lat' dir='ltr'>plenae</span> <span class='ocrx_word' id='word_1_7' title='bbox 907 387 939 446; x_wconf 92' lang='lat' dir='ltr'>in</span> <span class='ocrx_word' id='word_1_8' title='bbox 962 389 1043 446; x_wconf 93' lang='lat' dir='ltr'>Pon·</span> 
     </span>
     <span class='ocr_line' id='line_1_2' title="bbox 78 481 1042 559; baseline -0.001 -17"><span class='ocrx_word' id='word_1_9' title='bbox 78 482 199 542; x_wconf 87' lang='lat' dir='ltr'>tificem</span> <span class='ocrx_word' id='word_1_10' title='bbox 221 481 431 559; x_wconf 74' lang='lat' dir='ltr'><strong>scriptiones,</strong></span> <span class='ocrx_word' id='word_1_11' title='bbox 454 500 532 559; x_wconf 90' lang='lat' dir='ltr'>quae</span> <span class='ocrx_word' id='word_1_12' title='bbox 561 481 670 543; x_wconf 87' lang='lat' dir='ltr'>statim</span> <span class='ocrx_word' id='word_1_13' title='bbox 699 485 793 557; x_wconf 89' lang='lat' dir='ltr'>atque</span> <span class='ocrx_word' id='word_1_14' title='bbox 815 481 1042 558; x_wconf 75' lang='lat' dir='ltr'>perduellionis</span> 
     </span>
     <span class='ocr_line' id='line_1_3' title="bbox 76 574 1043 653; baseline -0.001 -19"><span class='ocrx_word' id='word_1_15' title='bbox 76 577 253 634; x_wconf 88' lang='lat' dir='ltr'>monstrum</span> <span class='ocrx_word' id='word_1_16' title='bbox 275 576 354 652; x_wconf 88' lang='lat' dir='ltr'>apud</span> <span class='ocrx_word' id='word_1_17' title='bbox 370 575 478 635; x_wconf 86' lang='lat' dir='ltr'>Gallos</span> <span class='ocrx_word' id='word_1_18' title='bbox 500 578 625 653; x_wconf 82' lang='lat' dir='ltr'>gentem</span> <span class='ocrx_word' id='word_1_19' title='bbox 648 574 926 650; x_wconf 81' lang='lat' dir='ltr'>prudentissimam</span> <span class='ocrx_word' id='word_1_20' title='bbox 941 577 974 634; x_wconf 90' lang='lat' dir='ltr'>et</span> <span class='ocrx_word' id='word_1_21' title='bbox 987 575 1043 634; x_wconf 85' lang='lat' dir='ltr'>llo·</span> 
     </span>
     <span class='ocr_line' id='line_1_4' title="bbox 74 667 1041 745; baseline -0.001 -18"><span class='ocrx_word' id='word_1_22' title='bbox 74 668 293 728; x_wconf 86' lang='lat' dir='ltr'>rentissimam</span> <span class='ocrx_word' id='word_1_23' title='bbox 315 668 432 744; x_wconf 84' lang='lat' dir='ltr'>erupit,</span> <span class='ocrx_word' id='word_1_24' title='bbox 457 669 489 728; x_wconf 93' lang='lat' dir='ltr'>iu</span> <span class='ocrx_word' id='word_1_25' title='bbox 511 667 644 745; x_wconf 81' lang='lat' dir='ltr'>publicis</span> <span class='ocrx_word' id='word_1_26' title='bbox 666 667 806 742; x_wconf 88' lang='lat' dir='ltr'>tabellis,</span> <span class='ocrx_word' id='word_1_27' title='bbox 822 686 900 745; x_wconf 91' lang='lat' dir='ltr'>quae</span> <span class='ocrx_word' id='word_1_28' title='bbox 922 667 993 729; x_wconf 92' lang='lat' dir='ltr'>iude</span> <span class='ocrx_word' id='word_1_29' title='bbox 1008 668 1041 727; x_wconf 92' lang='lat' dir='ltr'>in</span> 
     </span>
     <span class='ocr_line' id='line_1_5' title="bbox 75 760 1043 835; baseline 0.003 -16"><span class='ocrx_word' id='word_1_30' title='bbox 75 760 264 820; x_wconf 82' lang='lat' dir='ltr'>universum</span> <span class='ocrx_word' id='word_1_31' title='bbox 284 763 445 821; x_wconf 88' lang='lat' dir='ltr'>terrarum</span> <span class='ocrx_word' id='word_1_32' title='bbox 466 761 571 820; x_wconf 92' lang='lat' dir='ltr'>orbem</span> <span class='ocrx_word' id='word_1_33' title='bbox 593 760 889 835; x_wconf 75' lang='lat' dir='ltr'>disseminabantur,</span> <span class='ocrx_word' id='word_1_34' title='bbox 911 762 1043 822; x_wconf 88' lang='lat' dir='ltr'>exstite-</span> 
     </span>
     <span class='ocr_line' id='line_1_6' title="bbox 75 855 1047 932; baseline 0 -16"><span class='ocrx_word' id='word_1_35' title='bbox 75 856 167 916; x_wconf 89' lang='lat' dir='ltr'>runt.</span> <span class='ocrx_word' id='word_1_36' title='bbox 189 855 401 928; x_wconf 89' lang='lat' dir='ltr'>Mirabamur,</span> <span class='ocrx_word' id='word_1_37' title='bbox 424 855 495 932; x_wconf 92' lang='lat' dir='ltr'>qnid</span> <span class='ocrx_word' id='word_1_38' title='bbox 520 855 587 931; x_wconf 90' lang='lat' dir='ltr'>ipso</span> <span class='ocrx_word' id='word_1_39' title='bbox 607 855 835 931; x_wconf 86' lang='lat' dir='ltr'>perduellionis</span> <span class='ocrx_word' id='word_1_40' title='bbox 855 855 949 916; x_wconf 89' lang='lat' dir='ltr'>initio</span> <span class='ocrx_word' id='word_1_41' title='bbox 971 874 1047 916; x_wconf 88' lang='lat' dir='ltr'>reos</span> 
     </span>
     <span class='ocr_line' id='line_1_7' title="bbox 75 949 1039 1026; baseline 0.003 -19"><span class='ocrx_word' id='word_1_42' title='bbox 75 951 245 1026; x_wconf 88' lang='lat' dir='ltr'>tantopere</span> <span class='ocrx_word' id='word_1_43' title='bbox 266 949 510 1023; x_wconf 87' lang='lat' dir='ltr'>commovisset,</span> <span class='ocrx_word' id='word_1_44' title='bbox 533 955 570 1009; x_wconf 90' lang='lat' dir='ltr'>ut</span> <span class='ocrx_word' id='word_1_45' title='bbox 590 952 734 1010; x_wconf 87' lang='lat' dir='ltr'>extrema</span> <span class='ocrx_word' id='word_1_46' title='bbox 755 950 859 1009; x_wconf 90' lang='lat' dir='ltr'>omnia</span> <span class='ocrx_word' id='word_1_47' title='bbox 880 950 1039 1023; x_wconf 86' lang='lat' dir='ltr'>Pontifici,</span> 
     </span>
     <span class='ocr_line' id='line_1_8' title="bbox 74 1041 1041 1120; baseline 0.002 -20"><span class='ocrx_word' id='word_1_48' title='bbox 74 1041 238 1102; x_wconf 80' lang='lat' dir='ltr'>Ecclesiae</span> <span class='ocrx_word' id='word_1_49' title='bbox 258 1045 428 1116; x_wconf 87' lang='lat' dir='ltr'>Romanae,</span> <span class='ocrx_word' id='word_1_50' title='bbox 451 1043 571 1120; x_wconf 90' lang='lat' dir='ltr'>ipsique</span> <span class='ocrx_word' id='word_1_51' title='bbox 593 1043 671 1104; x_wconf 91' lang='lat' dir='ltr'>Urbi</span> <span class='ocrx_word' id='word_1_52' title='bbox 689 1042 929 1118; x_wconf 81' lang='lat' dir='ltr'>minitarentur3</span> <span class='ocrx_word' id='word_1_53' title='bbox 946 1061 1041 1120; x_wconf 90' lang='lat' dir='ltr'>quum</span> 
     </span>
     <span class='ocr_line' id='line_1_9' title="bbox 75 1135 1041 1212; baseline 0.003 -21"><span class='ocrx_word' id='word_1_54' title='bbox 75 1152 138 1193; x_wconf 90' lang='lat' dir='ltr'>nou</span> <span class='ocrx_word' id='word_1_55' title='bbox 160 1136 330 1206; x_wconf 81' lang='lat' dir='ltr'>Pontifex,</span> <span class='ocrx_word' id='word_1_56' title='bbox 354 1154 414 1197; x_wconf 88' lang='lat' dir='ltr'>neu</span> <span class='ocrx_word' id='word_1_57' title='bbox 436 1137 598 1210; x_wconf 83' lang='lat' dir='ltr'>Ecclesia,</span> <span class='ocrx_word' id='word_1_58' title='bbox 621 1155 681 1195; x_wconf 92' lang='lat' dir='ltr'>non</span> <span class='ocrx_word' id='word_1_59' title='bbox 704 1137 784 1198; x_wconf 88' lang='lat' dir='ltr'>Urbs</span> <span class='ocrx_word' id='word_1_60' title='bbox 805 1135 973 1212; x_wconf 90' lang='lat' dir='ltr'>quidquam</span> <span class='ocrx_word' id='word_1_61' title='bbox 994 1135 1041 1195; x_wconf 85' lang='lat' dir='ltr'>fe·</span> 
     </span>
     <span class='ocr_line' id='line_1_10' title="bbox 75 1227 1041 1305; baseline 0.003 -20"><span class='ocrx_word' id='word_1_62' title='bbox 75 1227 208 1300; x_wconf 88' lang='lat' dir='ltr'>cissent,</span> <span class='ocrx_word' id='word_1_63' title='bbox 224 1247 283 1305; x_wconf 91' lang='lat' dir='ltr'>quo</span> <span class='ocrx_word' id='word_1_64' title='bbox 305 1229 434 1289; x_wconf 91' lang='lat' dir='ltr'>illorum</span> <span class='ocrx_word' id='word_1_65' title='bbox 455 1229 551 1290; x_wconf 91' lang='lat' dir='ltr'>animi</span> <span class='ocrx_word' id='word_1_66' title='bbox 567 1230 819 1301; x_wconf 81' lang='lat' dir='ltr'>offenderentur3</span> <span class='ocrx_word' id='word_1_67' title='bbox 842 1247 897 1288; x_wconf 90' lang='lat' dir='ltr'>neo</span> <span class='ocrx_word' id='word_1_68' title='bbox 917 1229 944 1288; x_wconf 92' lang='lat' dir='ltr'>si</span> <span class='ocrx_word' id='word_1_69' title='bbox 957 1228 1041 1302; x_wconf 84' lang='lat' dir='ltr'>face·</span> 
     </span>
     <span class='ocr_line' id='line_1_11' title="bbox 75 1322 1040 1400; baseline 0.002 -22"><span class='ocrx_word' id='word_1_70' title='bbox 75 1337 114 1379; x_wconf 92' lang='lat' dir='ltr'>re</span> <span class='ocrx_word' id='word_1_71' title='bbox 136 1322 324 1394; x_wconf 80' lang='lat' dir='ltr'>voluissent,</span> <span class='ocrx_word' id='word_1_72' title='bbox 347 1323 443 1383; x_wconf 87' lang='lat' dir='ltr'>fuisse</span> <span class='ocrx_word' id='word_1_73' title='bbox 465 1323 597 1383; x_wconf 82' lang='lat' dir='ltr'>faciendi</span> <span class='ocrx_word' id='word_1_74' title='bbox 621 1335 744 1400; x_wconf 86' lang='lat' dir='ltr'>tempus</span> <span class='ocrx_word' id='word_1_75' title='bbox 769 1323 935 1399; x_wconf 87' lang='lat' dir='ltr'>potuisset.</span> <span class='ocrx_word' id='word_1_76' title='bbox 959 1323 1040 1382; x_wconf 89' lang='lat' dir='ltr'>Nam</span> 
     </span>
     <span class='ocr_line' id='line_1_12' title="bbox 75 1415 1039 1494; baseline 0 -21"><span class='ocrx_word' id='word_1_77' title='bbox 75 1417 153 1474; x_wconf 85' lang='lat' dir='ltr'>ante</span> <span class='ocrx_word' id='word_1_78' title='bbox 174 1415 276 1475; x_wconf 88' lang='lat' dir='ltr'>minae</span> <span class='ocrx_word' id='word_1_79' title='bbox 298 1419 482 1494; x_wconf 87' lang='lat' dir='ltr'>eruperunt,</span> <span class='ocrx_word' id='word_1_80' title='bbox 498 1434 589 1492; x_wconf 87' lang='lat' dir='ltr'>quam</span> <span class='ocrx_word' id='word_1_81' title='bbox 611 1416 778 1494; x_wconf 88' lang='lat' dir='ltr'>quidquam</span> <span class='ocrx_word' id='word_1_82' title='bbox 799 1415 916 1474; x_wconf 87' lang='lat' dir='ltr'>factum</span> <span class='ocrx_word' id='word_1_83' title='bbox 932 1434 950 1475; x_wconf 89' lang='lat' dir='ltr'>a</span> <span class='ocrx_word' id='word_1_84' title='bbox 964 1433 1039 1491; x_wconf 90' lang='lat' dir='ltr'>quo-</span> 
     </span>
     <span class='ocr_line' id='line_1_13' title="bbox 76 1505 1042 1585; baseline 0.002 -21"><span class='ocrx_word' id='word_1_85' title='bbox 76 1505 163 1582; x_wconf 88' lang='lat' dir='ltr'>piam</span> <span class='ocrx_word' id='word_1_86' title='bbox 185 1507 294 1568; x_wconf 86' lang='lat' dir='ltr'>iuerit.</span> <span class='ocrx_word' id='word_1_87' title='bbox 319 1511 378 1568; x_wconf 89' lang='lat' dir='ltr'>Sed</span> <span class='ocrx_word' id='word_1_88' title='bbox 402 1509 548 1569; x_wconf 91' lang='lat' dir='ltr'>nimirum</span> <span class='ocrx_word' id='word_1_89' title='bbox 570 1509 711 1570; x_wconf 88' lang='lat' dir='ltr'>sciebant</span> <span class='ocrx_word' id='word_1_90' title='bbox 732 1507 919 1585; x_wconf 88' lang='lat' dir='ltr'>perduelles,</span> <span class='ocrx_word' id='word_1_91' title='bbox 942 1525 1042 1584; x_wconf 88' lang='lat' dir='ltr'>quau·</span> 
     </span>
     <span class='ocr_line' id='line_1_14' title="bbox 76 1600 1042 1662; baseline 0.002 -4"><span class='ocrx_word' id='word_1_92' title='bbox 76 1603 148 1659; x_wconf 88' lang='lat' dir='ltr'>tum</span> <span class='ocrx_word' id='word_1_93' title='bbox 163 1600 291 1660; x_wconf 88' lang='lat' dir='ltr'>nefariis</span> <span class='ocrx_word' id='word_1_94' title='bbox 307 1619 415 1661; x_wconf 89' lang='lat' dir='ltr'>eorum</span> <span class='ocrx_word' id='word_1_95' title='bbox 430 1601 595 1662; x_wconf 88' lang='lat' dir='ltr'>conatibus</span> <span class='ocrx_word' id='word_1_96' title='bbox 608 1601 769 1662; x_wconf 87' lang='lat' dir='ltr'>Pontifiois</span> <span class='ocrx_word' id='word_1_97' title='bbox 784 1620 843 1660; x_wconf 91' lang='lat' dir='ltr'>non</span> <span class='ocrx_word' id='word_1_98' title='bbox 859 1601 1042 1662; x_wconf 84' lang='lat' dir='ltr'>intermissa</span> 
     </span>
     <span class='ocr_line' id='line_1_15' title="bbox 76 1693 1039 1773; baseline 0.002 -21"><span class='ocrx_word' id='word_1_99' title='bbox 76 1694 258 1754; x_wconf 86' lang='lat' dir='ltr'>constantia</span> <span class='ocrx_word' id='word_1_100' title='bbox 280 1695 464 1756; x_wconf 86' lang='lat' dir='ltr'>restitisset.</span> <span class='ocrx_word' id='word_1_101' title='bbox 482 1697 531 1756; x_wconf 87' lang='lat' dir='ltr'>lta</span> <span class='ocrx_word' id='word_1_102' title='bbox 552 1696 663 1756; x_wconf 85' lang='lat' dir='ltr'>statim</span> <span class='ocrx_word' id='word_1_103' title='bbox 679 1701 773 1772; x_wconf 88' lang='lat' dir='ltr'>atque</span> <span class='ocrx_word' id='word_1_104' title='bbox 796 1713 973 1773; x_wconf 87' lang='lat' dir='ltr'>compressa</span> <span class='ocrx_word' id='word_1_105' title='bbox 987 1693 1039 1754; x_wconf 90' lang='lat' dir='ltr'>diu</span> 
     </span>
     <span class='ocr_line' id='line_1_16' title="bbox 77 1785 1038 1866; baseline 0.003 -21"><span class='ocrx_word' id='word_1_106' title='bbox 77 1785 183 1846; x_wconf 89' lang='lat' dir='ltr'>rabies</span> <span class='ocrx_word' id='word_1_107' title='bbox 205 1804 352 1846; x_wconf 85' lang='lat' dir='ltr'>exserere</span> <span class='ocrx_word' id='word_1_108' title='bbox 374 1806 405 1846; x_wconf 91' lang='lat' dir='ltr'>se</span> <span class='ocrx_word' id='word_1_109' title='bbox 419 1805 451 1846; x_wconf 89' lang='lat' dir='ltr'>se</span> <span class='ocrx_word' id='word_1_110' title='bbox 470 1787 536 1847; x_wconf 91' lang='lat' dir='ltr'>sine</span> <span class='ocrx_word' id='word_1_111' title='bbox 552 1792 637 1848; x_wconf 86' lang='lat' dir='ltr'>metu</span> <span class='ocrx_word' id='word_1_112' title='bbox 653 1789 777 1865; x_wconf 87' lang='lat' dir='ltr'>potuit;</span> <span class='ocrx_word' id='word_1_113' title='bbox 794 1789 961 1866; x_wconf 88' lang='lat' dir='ltr'>impatiens</span> <span class='ocrx_word' id='word_1_114' title='bbox 976 1791 1038 1862; x_wconf 89' lang='lat' dir='ltr'>sui,</span> 
     </span>
     <span class='ocr_line' id='line_1_17' title="bbox 76 1878 1039 1960; baseline 0.005 -22"><span class='ocrx_word' id='word_1_115' title='bbox 76 1882 113 1938; x_wconf 90' lang='lat' dir='ltr'>et</span> <span class='ocrx_word' id='word_1_116' title='bbox 133 1878 239 1938; x_wconf 86' lang='lat' dir='ltr'>furore</span> <span class='ocrx_word' id='word_1_117' title='bbox 260 1897 380 1952; x_wconf 86' lang='lat' dir='ltr'>amous,</span> <span class='ocrx_word' id='word_1_118' title='bbox 395 1897 433 1938; x_wconf 90' lang='lat' dir='ltr'>ue</span> <span class='ocrx_word' id='word_1_119' title='bbox 448 1884 570 1957; x_wconf 91' lang='lat' dir='ltr'>tempus</span> <span class='ocrx_word' id='word_1_120' title='bbox 585 1881 709 1957; x_wconf 90' lang='lat' dir='ltr'>quidem</span> <span class='ocrx_word' id='word_1_121' title='bbox 724 1885 907 1958; x_wconf 85' lang='lat' dir='ltr'>exspectare</span> <span class='ocrx_word' id='word_1_122' title='bbox 923 1883 1039 1960; x_wconf 90' lang='lat' dir='ltr'>potuit,</span> 
     </span>
     <span class='ocr_line' id='line_1_18' title="bbox 77 1973 1040 2053; baseline 0.006 -22"><span class='ocrx_word' id='word_1_123' title='bbox 77 1973 160 2049; x_wconf 91' lang='lat' dir='ltr'>quod</span> <span class='ocrx_word' id='word_1_124' title='bbox 183 1973 392 2031; x_wconf 89' lang='lat' dir='ltr'>necessarium</span> <span class='ocrx_word' id='word_1_125' title='bbox 420 1976 512 2045; x_wconf 87' lang='lat' dir='ltr'>erat,</span> <span class='ocrx_word' id='word_1_126' title='bbox 537 1977 573 2033; x_wconf 85' lang='lat' dir='ltr'>ut</span> <span class='ocrx_word' id='word_1_127' title='bbox 600 1978 729 2051; x_wconf 84' lang='lat' dir='ltr'>arrepta</span> <span class='ocrx_word' id='word_1_128' title='bbox 756 1977 888 2051; x_wconf 91' lang='lat' dir='ltr'>quadam</span> <span class='ocrx_word' id='word_1_129' title='bbox 916 1977 1040 2053; x_wconf 91' lang='lat' dir='ltr'>publica</span> 
     </span>
     <span class='ocr_line' id='line_1_19' title="bbox 77 2065 1042 2144; baseline 0.006 -20"><span class='ocrx_word' id='word_1_130' title='bbox 77 2065 224 2141; x_wconf 90' lang='lat' dir='ltr'>querelae</span> <span class='ocrx_word' id='word_1_131' title='bbox 246 2068 341 2141; x_wconf 88' lang='lat' dir='ltr'>atque</span> <span class='ocrx_word' id='word_1_132' title='bbox 362 2065 482 2126; x_wconf 89' lang='lat' dir='ltr'>irarum</span> <span class='ocrx_word' id='word_1_133' title='bbox 504 2065 677 2139; x_wconf 89' lang='lat' dir='ltr'>occasione,</span> <span class='ocrx_word' id='word_1_134' title='bbox 693 2067 800 2144; x_wconf 87' lang='lat' dir='ltr'>inepta</span> <span class='ocrx_word' id='word_1_135' title='bbox 820 2069 945 2139; x_wconf 89' lang='lat' dir='ltr'>saltem,</span> <span class='ocrx_word' id='word_1_136' title='bbox 962 2071 1042 2130; x_wconf 89' lang='lat' dir='ltr'>stul-</span> 
     </span>
     <span class='ocr_line' id='line_1_20' title="bbox 78 2158 1040 2238; baseline 0.006 -20"><span class='ocrx_word' id='word_1_137' title='bbox 78 2163 126 2230; x_wconf 85' lang='lat' dir='ltr'>ta,</span> <span class='ocrx_word' id='word_1_138' title='bbox 148 2158 294 2232; x_wconf 88' lang='lat' dir='ltr'>ridicula,</span> <span class='ocrx_word' id='word_1_139' title='bbox 318 2176 351 2217; x_wconf 88' lang='lat' dir='ltr'>se</span> <span class='ocrx_word' id='word_1_140' title='bbox 374 2176 406 2217; x_wconf 92' lang='lat' dir='ltr'>se</span> <span class='ocrx_word' id='word_1_141' title='bbox 427 2161 652 2236; x_wconf 87' lang='lat' dir='ltr'>quodammodo</span> <span class='ocrx_word' id='word_1_142' title='bbox 675 2165 818 2238; x_wconf 85' lang='lat' dir='ltr'>tegeret,</span> <span class='ocrx_word' id='word_1_143' title='bbox 845 2166 1040 2224; x_wconf 87' lang='lat' dir='ltr'>ostenderet-</span> 
     </span>
     <span class='ocr_line' id='line_1_21' title="bbox 77 2251 1037 2332; baseline 0.002 -23"><span class='ocrx_word' id='word_1_144' title='bbox 77 2269 151 2326; x_wconf 93' lang='lat' dir='ltr'>que,</span> <span class='ocrx_word' id='word_1_145' title='bbox 174 2251 242 2310; x_wconf 89' lang='lat' dir='ltr'>iure</span> <span class='ocrx_word' id='word_1_146' title='bbox 257 2270 335 2328; x_wconf 88' lang='lat' dir='ltr'>quae</span> <span class='ocrx_word' id='word_1_147' title='bbox 350 2252 530 2314; x_wconf 86' lang='lat' dir='ltr'>minabatur</span> <span class='ocrx_word' id='word_1_148' title='bbox 548 2272 615 2313; x_wconf 87' lang='lat' dir='ltr'>esse</span> <span class='ocrx_word' id='word_1_149' title='bbox 630 2253 796 2330; x_wconf 89' lang='lat' dir='ltr'>aliquando</span> <span class='ocrx_word' id='word_1_150' title='bbox 811 2260 1037 2332; x_wconf 90' lang='lat' dir='ltr'>suscepturam.</span> 
     </span>
     <span class='ocr_line' id='line_1_22' title="bbox 77 2346 1041 2427; baseline 0.005 -23"><span class='ocrx_word' id='word_1_151' title='bbox 77 2346 143 2406; x_wconf 87' lang='lat' dir='ltr'>Has</span> <span class='ocrx_word' id='word_1_152' title='bbox 163 2349 268 2406; x_wconf 90' lang='lat' dir='ltr'>autem</span> <span class='ocrx_word' id='word_1_153' title='bbox 283 2346 385 2406; x_wconf 91' lang='lat' dir='ltr'>minas</span> <span class='ocrx_word' id='word_1_154' title='bbox 405 2348 600 2425; x_wconf 85' lang='lat' dir='ltr'>perditorum</span> <span class='ocrx_word' id='word_1_155' title='bbox 615 2349 788 2422; x_wconf 88' lang='lat' dir='ltr'>hominum,</span> <span class='ocrx_word' id='word_1_156' title='bbox 805 2368 884 2426; x_wconf 88' lang='lat' dir='ltr'>quae</span> <span class='ocrx_word' id='word_1_157' title='bbox 899 2368 1041 2427; x_wconf 92' lang='lat' dir='ltr'>quoquo-</span> 
     </span>
     <span class='ocr_line' id='line_1_23' title="bbox 78 2435 1041 2526; baseline 0.005 -28"><span class='ocrx_word' id='word_1_158' title='bbox 78 2440 316 2499; x_wconf 87' lang='lat' dir='ltr'>versus&#39;editae</span> <span class='ocrx_word' id='word_1_159' title='bbox 335 2441 421 2526; x_wconf 81' lang='lat' dir='ltr'>typis</span> <span class='ocrx_word' id='word_1_160' title='bbox 435 2442 689 2518; x_wconf 84' lang='lat' dir='ltr'>proferebantur,</span> <span class='ocrx_word' id='word_1_161' title='bbox 712 2448 864 2520; x_wconf 86' lang='lat' dir='ltr'>erantque</span> <span class='ocrx_word' id='word_1_162' title='bbox 880 2444 931 2502; x_wconf 88' lang='lat' dir='ltr'>vel</span> <span class='ocrx_word' id='word_1_163' title='bbox 947 2435 1041 2521; x_wconf 81' lang='lat' dir='ltr'>lippis</span> 
     </span>
     <span class='ocr_line' id='line_1_24' title="bbox 78 2534 1041 2613; baseline 0.005 -22"><span class='ocrx_word' id='word_1_164' title='bbox 78 2535 113 2591; x_wconf 89' lang='lat' dir='ltr'>et</span> <span class='ocrx_word' id='word_1_165' title='bbox 135 2534 313 2594; x_wconf 84' lang='lat' dir='ltr'>tonsoribus</span> <span class='ocrx_word' id='word_1_166' title='bbox 336 2535 530 2607; x_wconf 86' lang='lat' dir='ltr'>notissimae,</span> <span class='ocrx_word' id='word_1_167' title='bbox 555 2553 674 2595; x_wconf 89' lang='lat' dir='ltr'>unusne</span> <span class='ocrx_word' id='word_1_168' title='bbox 696 2535 772 2596; x_wconf 91' lang='lat' dir='ltr'>Pius</span> <span class='ocrx_word' id='word_1_169' title='bbox 793 2541 853 2610; x_wconf 89' lang='lat' dir='ltr'>est,</span> <span class='ocrx_word' id='word_1_170' title='bbox 876 2538 928 2613; x_wconf 88' lang='lat' dir='ltr'>qui</span> <span class='ocrx_word' id='word_1_171' title='bbox 951 2556 1041 2596; x_wconf 90' lang='lat' dir='ltr'>num-</span> 
     </span>
     <span class='ocr_line' id='line_1_25' title="bbox 78 2627 1041 2706; baseline 0.004 -22"><span class='ocrx_word' id='word_1_172' title='bbox 78 2643 171 2701; x_wconf 90' lang='lat' dir='ltr'>quam</span> <span class='ocrx_word' id='word_1_173' title='bbox 194 2631 249 2686; x_wconf 91' lang='lat' dir='ltr'>aut</span> <span class='ocrx_word' id='word_1_174' title='bbox 270 2627 431 2698; x_wconf 86' lang='lat' dir='ltr'>audierit,</span> <span class='ocrx_word' id='word_1_175' title='bbox 454 2633 510 2688; x_wconf 89' lang='lat' dir='ltr'>aut</span> <span class='ocrx_word' id='word_1_176' title='bbox 530 2629 669 2704; x_wconf 85' lang='lat' dir='ltr'>legerit,</span> <span class='ocrx_word' id='word_1_177' title='bbox 692 2629 845 2706; x_wconf 90' lang='lat' dir='ltr'>planeque</span> <span class='ocrx_word' id='word_1_178' title='bbox 868 2629 1041 2688; x_wconf 85' lang='lat' dir='ltr'>nescieritl</span> 
     </span>
     <span class='ocr_line' id='line_1_26' title="bbox 78 2719 1041 2797; baseline 0 -17"><span class='ocrx_word' id='word_1_179' title='bbox 78 2721 146 2780; x_wconf 92' lang='lat' dir='ltr'>Imo</span> <span class='ocrx_word' id='word_1_180' title='bbox 169 2739 244 2780; x_wconf 86' lang='lat' dir='ltr'>vero</span> <span class='ocrx_word' id='word_1_181' title='bbox 265 2721 332 2797; x_wconf 90' lang='lat' dir='ltr'>ipse</span> <span class='ocrx_word' id='word_1_182' title='bbox 354 2739 433 2781; x_wconf 93' lang='lat' dir='ltr'>unus</span> <span class='ocrx_word' id='word_1_183' title='bbox 447 2721 582 2782; x_wconf 84' lang='lat' dir='ltr'>maxime</span> <span class='ocrx_word' id='word_1_184' title='bbox 597 2727 630 2781; x_wconf 87' lang='lat' dir='ltr'>et</span> <span class='ocrx_word' id='word_1_185' title='bbox 644 2721 773 2795; x_wconf 84' lang='lat' dir='ltr'>sciebat,</span> <span class='ocrx_word' id='word_1_186' title='bbox 789 2725 822 2780; x_wconf 88' lang='lat' dir='ltr'>et</span> <span class='ocrx_word' id='word_1_187' title='bbox 836 2719 901 2780; x_wconf 82' lang='lat' dir='ltr'>rim</span> <span class='ocrx_word' id='word_1_188' title='bbox 916 2739 952 2780; x_wconf 88' lang='lat' dir='ltr'>ao</span> <span class='ocrx_word' id='word_1_189' title='bbox 966 2739 1041 2797; x_wconf 90' lang='lat' dir='ltr'>pon·</span> 
     </span>
     <span class='ocr_line' id='line_1_27' title="bbox 78 2814 1041 2892; baseline 0.003 -20"><span class='ocrx_word' id='word_1_190' title='bbox 78 2815 137 2872; x_wconf 87' lang='lat' dir='ltr'>dus</span> <span class='ocrx_word' id='word_1_191' title='bbox 159 2831 248 2873; x_wconf 91' lang='lat' dir='ltr'>omne</span> <span class='ocrx_word' id='word_1_192' title='bbox 269 2815 439 2888; x_wconf 82' lang='lat' dir='ltr'>sentiebat3</span> <span class='ocrx_word' id='word_1_193' title='bbox 455 2814 507 2892; x_wconf 92' lang='lat' dir='ltr'>qui</span> <span class='ocrx_word' id='word_1_194' title='bbox 529 2832 654 2874; x_wconf 88' lang='lat' dir='ltr'>causam</span> <span class='ocrx_word' id='word_1_195' title='bbox 670 2815 794 2874; x_wconf 86' lang='lat' dir='ltr'>videret</span> <span class='ocrx_word' id='word_1_196' title='bbox 812 2816 895 2873; x_wconf 87' lang='lat' dir='ltr'>unde</span> <span class='ocrx_word' id='word_1_197' title='bbox 909 2815 1041 2891; x_wconf 83' lang='lat' dir='ltr'>profici-</span> 
     </span>
     <span class='ocr_line' id='line_1_28' title="bbox 78 2907 1040 2986; baseline 0.002 -20"><span class='ocrx_word' id='word_1_198' title='bbox 78 2909 271 2982; x_wconf 82' lang='lat' dir='ltr'>scebantur3</span> <span class='ocrx_word' id='word_1_199' title='bbox 300 2909 560 2986; x_wconf 89' lang='lat' dir='ltr'>intelligeretque</span> <span class='ocrx_word' id='word_1_200' title='bbox 580 2909 682 2968; x_wconf 87' lang='lat' dir='ltr'>maius</span> <span class='ocrx_word' id='word_1_201' title='bbox 703 2909 801 2968; x_wconf 86' lang='lat' dir='ltr'>etiam</span> <span class='ocrx_word' id='word_1_202' title='bbox 816 2907 928 2967; x_wconf 81' lang='lat' dir='ltr'>&#39;odium</span> <span class='ocrx_word' id='word_1_203' title='bbox 952 2909 983 2966; x_wconf 93' lang='lat' dir='ltr'>in</span> <span class='ocrx_word' id='word_1_204' title='bbox 1007 2927 1040 2968; x_wconf 88' lang='lat' dir='ltr'>se</span> 
     </span>
     <span class='ocr_line' id='line_1_29' title="bbox 78 3001 1040 3079; baseline -0.001 -16"><span class='ocrx_word' id='word_1_205' title='bbox 78 3005 260 3064; x_wconf 86' lang='lat' dir='ltr'>iamdudum</span> <span class='ocrx_word' id='word_1_206' title='bbox 275 3003 370 3063; x_wconf 83' lang='lat' dir='ltr'>fuisse</span> <span class='ocrx_word' id='word_1_207' title='bbox 385 3004 554 3063; x_wconf 87' lang='lat' dir='ltr'>conflatum</span> <span class='ocrx_word' id='word_1_208' title='bbox 569 3021 617 3076; x_wconf 91' lang='lat' dir='ltr'>eo,</span> <span class='ocrx_word' id='word_1_209' title='bbox 640 3004 719 3079; x_wconf 88' lang='lat' dir='ltr'>quod</span> <span class='ocrx_word' id='word_1_210' title='bbox 734 3001 802 3062; x_wconf 91' lang='lat' dir='ltr'>illis</span> <span class='ocrx_word' id='word_1_211' title='bbox 817 3002 1040 3078; x_wconf 82' lang='lat' dir='ltr'>scriptionibus</span> 
     </span>
     <span class='ocr_line' id='line_1_30' title="bbox 79 3080 1052 3174; baseline 0 -18"><span class='ocrx_word' id='word_1_212' title='bbox 79 3095 306 3172; x_wconf 82' lang='lat' dir='ltr'>explicaretur.</span> <span class='ocrx_word' id='word_1_213' title='bbox 330 3080 419 3163; x_wconf 78' lang='lat' dir='ltr'>&#39;Quid</span> <span class='ocrx_word' id='word_1_214' title='bbox 443 3097 572 3156; x_wconf 77' lang='lat' dir='ltr'>antemi</span> <span class='ocrx_word' id='word_1_215' title='bbox 594 3097 747 3157; x_wconf 79' lang='lat' dir='ltr'>(lensetne</span> <span class='ocrx_word' id='word_1_216' title='bbox 776 3096 872 3155; x_wconf 92' lang='lat' dir='ltr'>ullam</span> <span class='ocrx_word' id='word_1_217' title='bbox 901 3096 1052 3174; x_wconf 43' lang='lat' dir='ltr'>aliquam,</span> 
     </span>
     <span class='ocr_line' id='line_1_31' title="bbox 79 3189 1040 3266; baseline 0.001 -18"><span class='ocrx_word' id='word_1_218' title='bbox 79 3190 263 3250; x_wconf 82' lang='lat' dir='ltr'>severitatis</span> <span class='ocrx_word' id='word_1_219' title='bbox 277 3192 310 3249; x_wconf 85' lang='lat' dir='ltr'>et</span> <span class='ocrx_word' id='word_1_220' title='bbox 324 3190 519 3250; x_wconf 87' lang='lat' dir='ltr'>constantiae</span> <span class='ocrx_word' id='word_1_221' title='bbox 534 3193 657 3266; x_wconf 89' lang='lat' dir='ltr'>partem</span> <span class='ocrx_word' id='word_1_222' title='bbox 673 3189 870 3248; x_wconf 87' lang='lat' dir='ltr'>minuendam</span> <span class='ocrx_word' id='word_1_223' title='bbox 885 3206 963 3261; x_wconf 88' lang='lat' dir='ltr'>esse,</span> <span class='ocrx_word' id='word_1_224' title='bbox 979 3208 1040 3266; x_wconf 92' lang='lat' dir='ltr'>quo</span> 
     </span>
     <span class='ocr_line' id='line_1_32' title="bbox 78 3282 1040 3360; baseline 0 -18"><span class='ocrx_word' id='word_1_225' title='bbox 78 3283 143 3342; x_wconf 87' lang='lat' dir='ltr'>iam</span> <span class='ocrx_word' id='word_1_226' title='bbox 170 3282 286 3343; x_wconf 77' lang='lat' dir='ltr'>armati</span> <span class='ocrx_word' id='word_1_227' title='bbox 311 3285 415 3344; x_wconf 89' lang='lat' dir='ltr'>hostes</span> <span class='ocrx_word' id='word_1_228' title='bbox 440 3287 472 3343; x_wconf 87' lang='lat' dir='ltr'>et</span> <span class='ocrx_word' id='word_1_229' title='bbox 500 3285 536 3342; x_wconf 86' lang='lat' dir='ltr'>ad</span> <span class='ocrx_word' id='word_1_230' title='bbox 562 3283 670 3342; x_wconf 88' lang='lat' dir='ltr'>omnia</span> <span class='ocrx_word' id='word_1_231' title='bbox 695 3284 815 3343; x_wconf 88' lang='lat' dir='ltr'>scelera</span> <span class='ocrx_word' id='word_1_232' title='bbox 846 3283 1040 3360; x_wconf 89' lang='lat' dir='ltr'>paratissimi</span> 
     </span>
     <span class='ocr_line' id='line_1_33' title="bbox 78 3375 1039 3438; baseline 0 -2"><span class='ocrx_word' id='word_1_233' title='bbox 78 3375 223 3436; x_wconf 90' lang='lat' dir='ltr'>nonnihil</span> <span class='ocrx_word' id='word_1_234' title='bbox 243 3376 360 3436; x_wconf 85' lang='lat' dir='ltr'>furoris</span> <span class='ocrx_word' id='word_1_235' title='bbox 381 3377 602 3436; x_wconf 73' lang='lat' dir='ltr'>remitterent?</span> <span class='ocrx_word' id='word_1_236' title='bbox 622 3376 713 3438; x_wconf 90' lang='lat' dir='ltr'>Nihil</span> <span class='ocrx_word' id='word_1_237' title='bbox 741 3377 843 3436; x_wconf 90' lang='lat' dir='ltr'>minus</span> <span class='ocrx_word' id='word_1_238' title='bbox 864 3376 1039 3436; x_wconf 85' lang='lat' dir='ltr'>faciendum</span> 
     </span>
     <span class='ocr_line' id='line_1_34' title="bbox 77 3470 1039 3547; baseline -0.002 -15"><span class='ocrx_word' id='word_1_239' title='bbox 77 3491 146 3532; x_wconf 90' lang='lat' dir='ltr'>esse</span> <span class='ocrx_word' id='word_1_240' title='bbox 166 3471 296 3532; x_wconf 89' lang='lat' dir='ltr'>statuit:</span> <span class='ocrx_word' id='word_1_241' title='bbox 319 3490 355 3532; x_wconf 89' lang='lat' dir='ltr'>ac</span> <span class='ocrx_word' id='word_1_242' title='bbox 376 3471 404 3530; x_wconf 92' lang='lat' dir='ltr'>si</span> <span class='ocrx_word' id='word_1_243' title='bbox 428 3471 528 3531; x_wconf 91' lang='lat' dir='ltr'>ullum</span> <span class='ocrx_word' id='word_1_244' title='bbox 552 3487 698 3546; x_wconf 90' lang='lat' dir='ltr'>umquam</span> <span class='ocrx_word' id='word_1_245' title='bbox 720 3474 843 3546; x_wconf 89' lang='lat' dir='ltr'>tempus</span> <span class='ocrx_word' id='word_1_246' title='bbox 864 3470 938 3543; x_wconf 85' lang='lat' dir='ltr'>fuit,</span> <span class='ocrx_word' id='word_1_247' title='bbox 960 3488 1039 3547; x_wconf 89' lang='lat' dir='ltr'>quae</span> 
     </span>
     <span class='ocr_line' id='line_1_35' title="bbox 79 3563 1037 3640; baseline -0.004 -14"><span class='ocrx_word' id='word_1_248' title='bbox 79 3565 184 3626; x_wconf 91' lang='lat' dir='ltr'>omnia</span> <span class='ocrx_word' id='word_1_249' title='bbox 204 3563 357 3636; x_wconf 83' lang='lat' dir='ltr'>fuerunt,</span> <span class='ocrx_word' id='word_1_250' title='bbox 378 3582 438 3640; x_wconf 89' lang='lat' dir='ltr'>quo</span> <span class='ocrx_word' id='word_1_251' title='bbox 460 3567 600 3639; x_wconf 83' lang='lat' dir='ltr'>tempore</span> <span class='ocrx_word' id='word_1_252' title='bbox 624 3563 700 3622; x_wconf 91' lang='lat' dir='ltr'>Pius</span> <span class='ocrx_word' id='word_1_253' title='bbox 720 3564 890 3624; x_wconf 87' lang='lat' dir='ltr'>maximum</span> <span class='ocrx_word' id='word_1_254' title='bbox 916 3581 983 3622; x_wconf 90' lang='lat' dir='ltr'>esse</span> <span class='ocrx_word' id='word_1_255' title='bbox 1005 3581 1037 3622; x_wconf 91' lang='lat' dir='ltr'>se</span> 
     </span>
    </p>
   </div>
   <div class='ocr_carea' id='block_1_2' title="bbox 0 0 1320 4262">
    <p class='ocr_par' dir='ltr' id='par_1_2' title="bbox 0 0 1320 4262">
     <span class='ocr_line' id='line_1_36' title="bbox 0 0 1320 4262; baseline 0 0"><span class='ocrx_word' id='word_1_256' title='bbox 0 0 1320 4262; x_wconf 95' lang='lat' dir='ltr'> </span> 
     </span>
    </p>
   </div>
  </div>
 </body>
</html>
