2624 4260
23 454 120 528 ptum
136 453 254 526 iuerat,
267 459 304 516 nt
318 456 398 517 nihil
413 456 673 530 determinarent,
687 456 752 518 nisi'
762 463 832 536 post
845 459 999 520 delibera-

24 545 151 606 tionem
164 549 306 625 Oonsilii,
319 553 397 628 quod
410 551 487 629 ipsis
500 552 539 613 ab
549 571 586 615 ea
599 551 795 630 assignatum
805 553 920 614 fuerat.
930 555 997 614 Hoc

25 639 195 702 decretum
217 641 362 704 laedebat
382 644 596 722 Episcopalem
617 646 850 719 anctoritatem,
867 650 900 708 et
913 646 998 726 regi·

24 751 100 794 men
126 735 166 796 ab
187 736 254 813 ipso
274 737 401 800 Obristo
416 737 600 800 institutum
611 739 646 799 'in
661 740 811 802 Ecclesia.
828 742 871 801 At
885 758 924 801 en
940 760 997 802 usu

26 829 133 888 sacris
154 830 323 892 canonibus
343 833 570 906 commendato,
592 851 682 910 quem
697 836 731 894 et
744 833 933 895 sanctissimi
948 853 997 895 se-

25 922 124 999 quuti
145 926 220 983 suut
239 925 395 1004 Episcopi,
419 931 455 986 ut
476 927 642 1010 consilium
659 946 747 988 suum
766 929 994 1002 consultarent,

24 1019 160 1093 praesto
172 1016 250 1077 mihi
261 1019 363 1079 adluit
374 1023 571 1097 praetextus,
582 1023 661 1080 unde
672 1023 905 1082 innovationem
917 1023 997 1082 hauc

25 1103 276 1187 comprobarem.
297 1115 373 1174 Eam
395 1114 583 1175 confundere
604 1115 748 1176 affectavi
770 1133 838 1176 cum
863 1134 919 1176 usu
940 1136 997 1177 ve-

25 1205 108 1278 teri,
132 1205 187 1282 qni
209 1206 246 1266 ad
269 1206 327 1264 hoc
350 1225 444 1267 unum
466 1209 665 1276 introductus
687 1209 807 1282 fuerat,
831 1211 867 1269 nt
887 1212 998 1270 ancto-

25 1296 125 1358 ritati
147 1297 206 1357 lux
227 1297 456 1375 praeferretur,
479 1318 574 1377 eaque
596 1302 696 1380 magis
717 1301 861 1363 amabilis
882 1304 997 1362 evade-

25 1394 93 1464 ret3
107 1392 258 1469 atqueita
268 1393 451 1471 Episcopum
464 1394 624 1455 exclusivo
632 1396 787 1456 Ecclesiae
800 1414 873 1455 suae
883 1397 996 1473 guber-

26 1485 155 1544 nandae
176 1484 245 1544 iure
265 1502 396 1559 exuens,
412 1503 521 1544 verum
537 1487 627 1546 docui
638 1487 993 1565 Presbyterianismum.

25 1578 94 1637 Sub
106 1595 145 1636 eo
160 1580 340 1655 praetextu,
356 1579 435 1654 quod
450 1578 541 1638 iuxta
555 1579 702 1656 antiquae
717 1579 900 1658 disciplinae
909 1582 995 1660 leges

25 1673 178 1750 Episcopi
199 1671 345 1731 canonice
366 1672 529 1748 potuerint
550 1673 692 1734 ordinari
706 1674 772 1734 siue
786 1675 888 1737 Bullis
904 1677 995 1736 Sum-

25 1765 71 1825 mi
94 1763 275 1838 Pontificis,
298 1764 436 1824 conclusi
457 1783 510 1825 eos
530 1767 636 1826 eodem
652 1769 740 1828 modo
755 1787 841 1846 posse
857 1769 994 1846 institui,

24 1877 67 1919 ex
90 1877 155 1936 quo
176 1858 317 1918 Ecclesia
337 1859 515 1932 statuerat,
544 1864 581 1920 ut
601 1861 729 1921 absente
751 1866 898 1924 mandato
920 1882 995 1942 apo·

24 1951 146 2013 stolico
167 1951 256 2012 nulla
276 1956 380 2029 posset
401 1953 509 2011 haberi
530 1955 678 2016 canonica
698 1955 920 2034 Episcoporum
942 1975 994 2018 or-

24 2046 164 2106 dinatio.
188 2046 252 2106 Ohl
275 2061 366 2122 quam
388 2045 499 2123 ignota
519 2045 597 2106 mihi
620 2047 748 2108 fuerunt
763 2053 829 2108 tum
845 2067 922 2110 vera
934 2053 994 2112 Ec·

23 2140 147 2200 clasiae
176 2139 379 2214 constitutio,
411 2143 477 2199 tum
498 2140 711 2201 sacratissima
731 2143 868 2202 visibilis
896 2143 994 2220 ipsius

22 2233 153 2311 Capitis
167 2233 255 2293 iurat
272 2233 451 2293 Successori
466 2234 499 2293 S.
514 2233 604 2294 Petri
615 2235 802 2313 denegabam
815 2236 993 2296 Primatum

24 2330 113 2390 hunc
143 2328 390 2402 iurisdictionis,
417 2347 507 2406 quem
536 2331 575 2389 ab
602 2329 668 2406 ipso
695 2330 822 2391 Christo
851 2331 992 2407 obtinet,

25 2439 184 2500 quemque
199 2423 267 2481 tota
281 2439 402 2498 semper
416 2421 549 2500 agnovit
562 2421 713 2483 Ecclesia.
728 2423 904 2485 Primatum
920 2443 996 2485 enn-

25 2517 100 2576 dem
112 2516 150 2576 ad
164 2515 334 2592 simplicem
347 2533 420 2592 prae
431 2516 547 2576 ceteris
557 2516 718 2594 Episcopis
736 2517 992 2594 praesidentiam,

26 2609 366 2686 indispensabilemqne
379 2627 447 2668 cum
460 2610 539 2668 Sede
550 2610 732 2685 Apostolica
746 2611 993 2672 communionem

27 2704 66 2763 nd
80 2720 196 2763 vanam
209 2703 359 2780 epistolae
371 2703 544 2763 mittendae
556 2703 783 2764 formalitatem
799 2705 990 2782 redigebam.

26 2797 150 2856 Brevia
163 2815 199 2858 ac
212 2797 382 2858 decisiones
403 2797 523 2858 Summi
541 2799 706 2860 Pontificis
721 2800 860 2860 censorio
873 2799 994 2860 calamo
1082 2864 1085 2870 ,

26 2891 263 2968 impugnabam.
293 2893 354 2951 Eas
382 2911 401 2952 a
421 2892 535 2952 ceteris
554 2892 717 2970 Episcopis
739 2892 860 2952 nonnisi
882 2910 921 2952 ex
942 2894 995 2952 de·

26 2985 117 3046 lectu
139 2984 291 3044 examinis
305 3003 341 3046 ac
355 2984 528 3061 libertatis,
545 2986 669 3046 nonnisi
683 2986 855 3064 cupiditate
870 2988 926 3046 aut
939 3003 993 3063 po-

25 3077 123 3139 litica
143 3083 212 3140 arte
233 3078 427 3157 impellente,
443 3079 567 3140 nonnisi
589 3080 758 3158 tyrannide
772 3080 926 3141 Aularum
941 3096 994 3139 co·

27 3177 127 3253 gente
148 3176 326 3250 acceptatas
346 3172 442 3234 fnisse
464 3173 650 3234 asserebam.
673 3174 811 3251 Denique
826 3174 870 3234 sio
884 3173 993 3236 Eccle-

24 3269 95 3328 siae
117 3267 276 3344 dispersae
303 3267 526 3330 auctoritatem
554 3269 718 3327 destruere
744 3268 991 3329 attentabam.E

22 3362 151 3424 calamo
172 3379 239 3422 meo
260 3361 303 3422 iel
324 3361 535 3440 malignitatis
558 3360 748 3435 distillavit3
772 3365 912 3440 satyram
939 3377 993 3422 ar-

23 3453 202 3533 gumentis,
226 3453 359 3515 ironiam
381 3453 511 3532 ponderi
533 3454 735 3515 auctoritatis
750 3453 890 3532 opposui3
906 3452 991 3514 clero

7 3587 8 3594 .
23 3547 114 3608 fideli
136 3547 272 3607 colorem
296 3547 465 3608 ridiculum
480 3547 607 3608 illinere
621 3552 749 3608 conatus
763 3565 851 3621 sum3
866 3547 929 3606 imo
942 3564 993 3608 ca·

23 3639 150 3702 lamnia
171 3640 241 3716 ipsa
254 3644 396 3702 minatus
409 3640 534 3714 incessi,
549 3641 622 3700 dum
637 3644 777 3718 pastores
791 3640 921 3715 zelosos,
937 3639 991 3717 qni
