2632 4262
505 313 543 328 -
565 284 626 346 329
648 316 685 330 ...

109 388 187 493 bant
208 403 275 448 eam
296 392 333 448 nt
352 389 517 465 parentam
542 389 697 470 diligere,
726 389 853 468 eiusque
878 389 950 452 iura
970 392 1081 452 onsto·

110 481 352 652 dlrllolpulgrum
375 575 502 637 vincula
517 595 557 636 ex
571 537 912 656 religionisdabilitato
927 577 1074 639 relaxan-

109 671 175 729 tur.
193 669 218 728 Ι.
232 668 304 742 240,
320 669 391 730 241.
404 669 516 746 -Ipsis
532 687 591 730 non
611 671 714 732 minor
727 690 819 749 quam
834 671 991 733 Ecclesiae
1006 689 1076 750 per-

109 761 208 822 nicies
228 761 368 822 infertur
392 780 448 840 per
469 764 580 842 impios
601 765 711 826 libros.
728 768 753 826 Ι.
767 765 838 827 235.
851 765 1009 826 -Illornm
1028 769 1076 826 tn·

109 855 177 916 tela
197 857 231 915 et
252 855 396 916 soliditas
417 859 469 916 est
489 856 563 918 fidei
584 857 710 936 religio,
727 876 806 935 quae
827 861 861 918 et
882 861 1075 936 potestatum
1185 922 1188 931 ,

107 949 236 1022 abusus,
259 949 513 1010 atsubditorum
535 949 700 1012 licentiam
722 951 921 1028 comprimat.
938 953 979 1012 ΙΙ.
995 952 1077 1012 33.-

106 1044 222 1103 ilerum
238 1042 324 1102 salus
347 1043 544 1121 potissimum
559 1044 677 1106 nititur
690 1043 812 1108 Christi
826 1043 1007 1118 doctrinae,
1023 1061 1075 1104 eo·

112 1151 245 1212 rumque
271 1133 408 1196 felicitas
429 1135 482 1196 nbi
504 1136 642 1196 omnium
663 1138 755 1215 pleno
777 1155 927 1198 consensu
948 1137 1077 1215 regibus

114 1229 274 1291 obeditur.
291 1231 315 1289 Ι.
335 1229 383 1290 17.
395 1230 523 1308 ·Regni
538 1231 663 1291 Galliae
683 1230 840 1309 pernicies
865 1247 906 1292 ex
925 1231 1077 1308 improbis

106 1323 199 1384 libris
221 1325 302 1383 orta.
317 1325 357 1383 ΙΙ.
370 1325 421 1384 24.
431 1357 443 1368 -
453 1324 537 1390 Quae
559 1324 620 1402 ipsi
641 1325 802 1402 ingruunt*
817 1323 912 1398 mala,
929 1327 1003 1384 sunt
1018 1325 1073 1384 tia·

107 1418 194 1496 gella
207 1417 264 1478 Dei
279 1420 411 1494 propter
425 1417 670 1480 inobedientiam
685 1417 809 1497 legibus
824 1418 899 1478 suia.
913 1420 939 1478 Ι.
951 1418 1003 1478 33.

169 1511 378 1589 Regularinm
400 1511 741 1574 institutaaPatribus
762 1513 945 1584 laudantur,
961 1530 980 1572 a
996 1509 1077 1571 Gai-

108 1605 217 1664 lielmo
230 1605 269 1664 de
289 1604 324 1666 S.
341 1604 460 1665 Amore
475 1605 763 1681 reprehenduntur.
775 1606 801 1664 Ι.
819 1601 888 1664 105.
901 1603 987 1664 -Pis
1001 1609 1077 1664 vota

108 1697 143 1758 S.
166 1698 319 1758 Lndovici
353 1715 411 1775 pro
438 1697 606 1758 educandis
633 1697 709 1758 filiis
737 1697 801 1758 suis
829 1698 910 1773 apud
939 1697 1077 1775 Regula·

106 1808 171 1852 res.
191 1793 217 1852 Ι.
242 1792 311 1853 106.
342 1792 481 1852 Pulchra
512 1809 623 1852 eorum
655 1792 793 1854 defensio
822 1810 841 1852 a
868 1790 899 1852 Ι.
922 1792 962 1851 dc
985 1792 1077 1852 Pole-

106 1900 191 1946 mar.
202 1885 226 1944 Ι.
246 1884 338 1946 107.-
349 1884 564 1961 Reprehensio
578 1889 612 1945 et
629 1901 728 1962 poena
742 1884 889 1958 parochi,
902 1885 966 1945 FF.
981 1885 1077 1944 Prae-

106 1977 283 2036 dicatorum
311 1976 507 2038 adiutorium
528 1996 545 2037 6
568 1977 720 2055 parochia
740 1996 798 2040 sua
820 1995 950 2054 prorsus
974 1977 1077 2056 repel-

104 2069 214 2130 lentis.
229 2069 253 2128 Ι.
267 2069 319 2130 96.
335 2099 349 2113 -
367 2069 600 2146 Religiosorum
631 2069 762 2130 abolitio
791 2089 810 2130 a
831 2071 997 2132 Oonventu
1022 2089 1076 2132 na·

109 2161 225 2222 tionali
246 2179 339 2238 quam
367 2163 634 2238 reprehendenda.
653 2165 679 2224 I.
697 2162 766 2224 107.
783 2162 890 2229 -Quid
920 2163 1075 2240 agendum

106 2273 165 2334 pro
193 2271 303 2314 eornm
332 2254 471 2314 transitu
488 2257 538 2318 „ad
565 2257 684 2318 statum
713 2255 918 2316 saecularem.
934 2257 959 2314 Ι.
976 2255 1075 2314 371.-

106 2349 193 2416 Quae
206 2365 314 2407 eorum
329 2347 551 2426 obligationes,
561 2347 587 2407 si
602 2365 710 2408 eorum
725 2346 874 2407 coenobia
884 2365 903 2408 a
914 2348 1074 2424 potestate

104 2441 196 2502 civili
225 2441 476 2518 supprimantur.
499 2443 549 2502 46.
569 2471 583 2486 ·
598 2441 748 2502 Habitum
770 2458 860 2502 snum
885 2457 1073 2502 conservare

106 2534 267 2596 malitiose
279 2537 442 2596 vetantur.
457 2535 536 2596 Ibid.
557 2535 751 2596 permittere
772 2534 818 2596 eis
838 2537 988 2612 poterunt
1001 2533 1074 2612 lipi-

106 2628 194 2706 scopi
219 2628 310 2706 36111,
327 2628 411 2688 utin
432 2627 519 2688 aliud
541 2628 726 2688 institutum
740 2629 837 2690 etiam
852 2627 955 2687 minus
968 2619 1074 2688 anste-

102 2739 174 2783 rum
187 2720 641 2783 transeant.l.288.·1nduore
656 2723 759 2780 vestas
773 2720 950 2782 saeculares
964 2721 998 2779 et
1011 2720 1073 2782 dis-

101 2813 230 2892 pensari
250 2832 270 2874 a
290 2813 473 2892 regularum
501 2814 536 2873 et
561 2813 829 2875 constitutionum
850 2815 954 2890 parte,
977 2831 1070 2889 quam

103 2931 187 2972 nunc
208 2911 275 2971 sine
301 2911 393 2988 gravi
417 2911 610 2972 incommodo
635 2913 804 2972 observare
832 2929 894 2970 non
925 2914 1068 2988 possunt.

102 3005 183 3066 Ibid.
196 3007 256 3065 ·In
276 3008 362 3066 statu
381 3004 550 3064 Pontificio
571 3005 658 3066 Galli
680 3004 845 3081 regulares
866 3005 1017 3064 tenentur
1038 3023 1071 3066 se

103 3099 227 3160 referre
241 3099 280 3160 ad
295 3097 488 3158 monasteria
502 3115 629 3158 suorum
644 3095 808 3156 Ordinnm.
832 3097 872 3156 ΙΙ.
887 3097 918 3156 7.

163 3192 292 3254 Relatio
312 3193 350 3252 de
372 3194 460 3252 statu
488 3190 638 3252 dioecesis
658 3191 697 3250 ad
718 3189 936 3267 Apostolioam
957 3187 1071 3252 Sedens

101 3284 142 3348 ab
161 3284 324 3362 Episcopis
345 3283 512 3344 mittenda.
529 3285 571 3344 ΙΙ.
587 3284 638 3345 72.

162 3378 291 3458 Religio
305 3378 462 3438 catholica
482 3394 606 3454 semper
626 3375 751 3436 domina
772 3376 805 3436 in
820 3376 936 3450 Gallia,
953 3374 1072 3437 manci·

100 3474 198 3552 patur
219 3489 275 3549 per
289 3472 553 3534 constitucionem
567 3470 696 3531 civilem
710 3470 788 3532 oleri
803 3469 971 3530 Gallicani.
982 3471 1007 3530 Ι.
1017 3468 1069 3531 55.

100 3569 173 3629 -Ea
193 3567 318 3629 abiecta
338 3567 371 3628 in
393 3567 563 3630 seditiones
583 3585 619 3629 ao
640 3566 765 3628 ruinam
780 3565 872 3628 facile
888 3583 986 3644 regna
1000 3583 1074 3644 pro-
