2606 4268
673 269 710 284 -
734 239 792 300 rao
814 266 850 282 -

279 371 361 427 nem,
384 370 475 429 quam
497 351 554 409 hac
576 349 643 426 ipsa
665 346 822 406 occasione
846 341 1049 414 transmittis,
1070 333 1101 400 in
1125 359 1191 417 qua
1215 342 1257 400 de

280 451 351 508 actu
367 443 568 506 subiectionis
584 441 773 518 reipublicae
788 439 910 514 legibus
927 453 1028 494 sermo
1049 439 1109 506 est,
1127 435 1180 493 hic
1200 452 1259 510 pa·
1297 501 1298 508 ἵ

281 541 380 612 riter,
405 541 441 598 ut
462 537 493 596 in
515 535 648 606 ceteris,
672 535 808 593 animum
840 537 927 590 tuum
949 529 1157 606 Apostolicao.
1174 529 1257 587 huic

281 633 354 694 Sedi
369 630 549 692 auscultare
565 627 798 704 paratissimum
814 624 1012 701 agnoscimus
1040 625 1073 681 et
1084 639 1257 682 commen-

281 729 398 787 damus.
416 727 472 795 At,
496 726 531 782 ut
553 723 659 793 vides,
683 724 719 780 de
741 739 776 780 re
797 719 906 796 agitur
928 717 1054 778 maximi
1080 717 1253 788 momenti,
1297 769 1298 782 ,

281 821 334 880 vel
355 839 392 880 ea
413 818 445 877 in
461 835 493 878 se
508 816 586 893 ipsa,
605 816 656 874 vel
677 815 708 874 in
731 815 781 885 iis,
797 833 875 892 quae
897 813 968 872 inde
984 812 1130 890 consequi
1151 811 1255 870 facile
1297 845 1298 856 ι

282 915 443 990 poterunt,
456 911 681 981 consideretur,
695 910 862 986 variaeque
885 909 1015 984 proinde
1034 907 1180 966 existunt
1203 905 1255 962 in·
1297 919 1298 936 ³

283 1011 333 1068 ter
354 1007 437 1082 ipsos
458 1005 554 1064 etiam
575 1004 698 1064 Galliae
720 1003 961 1076 ecclesiasticos,
975 1020 1010 1060 ac
1024 1020 1043 1060 a
1057 1018 1088 1058 se
1110 999 1253 1056 invicem

283 1099 502 1158 dissentientes
524 1096 695 1174 opiniones.
719 1097 917 1173 Quapropter
937 1097 1002 1154 Nos
1024 1092 1114 1152 officii
1135 1089 1252 1151 Nostri

284 1210 350 1252 csse
365 1193 544 1270 putavimus
559 1209 626 1250 eam
641 1209 706 1250 rem
727 1190 904 1250 universam
921 1192 958 1248 ad
975 1187 1252 1248 accuratissimum
1297 1217 1298 1232 ι

283 1305 411 1346 examen
427 1289 577 1347 Nostrum
598 1302 758 1359 revocare,
775 1292 808 1344 et
822 1284 1008 1362 peculiarem
1019 1273 1020 1276 ¹
1031 1281 1252 1344 cardinalium

283 1381 563 1459 Congregationem
592 1379 624 1439 in
651 1379 814 1438 consilium
841 1379 878 1436 de
900 1395 985 1436 more
1014 1365 1189 1444 adhibere,
1213 1376 1254 1432 ut

283 1478 403 1534 certum
425 1475 541 1550 aliquid
564 1475 595 1534 in
619 1476 683 1533 tam
713 1473 801 1550 gravi
825 1489 859 1529 re
882 1473 1049 1534 decernere
1081 1468 1250 1548 pessimum
1297 1529 1298 1558 1

285 1663 396 1724 Nostri
413 1661 598 1738 participem
619 1663 663 1719 Ta
684 1661 843 1720 iaciemus.
861 1661 989 1718 Demum
1019 1675 1037 1716 a
1065 1657 1162 1716 Nobis
1197 1675 1257 1732 po-

287 1757 386 1815 stulas
413 1755 601 1813 facultatum
624 1753 745 1811 Galliae
767 1751 1041 1828 Archiepiscopis,
1064 1750 1253 1828 Episcopis,
1297 1785 1298 1832 q

287 1867 321 1907 ao
339 1849 530 1907 Dioeoesium
563 1845 870 1904 administratoribus
892 1846 1007 1906 iamdiu
1030 1861 1250 1904 concessarum

287 1942 549 2018 prorogationem.
566 1940 693 2001 Nullam
713 1939 939 2014 interponimus
961 1956 1092 2009 moram,
1110 1939 1254 1996 Veneror

286 2035 359 2096 bilis
381 2037 513 2107 Frater,
536 2034 609 2110 quin
633 2033 805 2092 bacaliam
826 2033 1063 2108 opportunitate
1085 2032 1253 2091 studiosis-

288 2129 399 2186 simum
419 2129 569 2188 Nostrum
596 2126 628 2184 in
652 2129 696 2184 Te
718 2126 855 2184 animum
881 2125 1108 2183 confirmemus.
1133 2127 1254 2183 Proro-

288 2229 377 2300 gatas
399 2221 512 2298 igitur,
535 2224 569 2280 ut
590 2221 688 2297 cupis,
705 2239 756 2281 eas
778 2219 946 2279 facultates
967 2238 1111 2296 agnosces
1132 2237 1174 2277 ex
1189 2223 1253 2280 De-

288 2321 374 2374 creto
396 2319 503 2374 nostro
525 2319 670 2374 recenter
692 2315 779 2392 typis
796 2317 898 2386 edito,
921 2315 1008 2373 cuius
1030 2315 1122 2390 plura
1142 2315 1180 2371 ad
1205 2317 1252 2372 Te

287 2411 430 2485 exempla
444 2409 527 2468 hisce
539 2409 665 2470 Nostris
680 2408 800 2468 inclusa
816 2408 982 2478 mittimus,
999 2425 1016 2466 a
1031 2409 1075 2465 Te
1090 2425 1159 2465 cum
1176 2411 1253 2468 tuae

288 2501 469 2578 provinciae
496 2500 656 2577 Episcopis
683 2501 952 2559 communicanda
975 2502 1075 2576 Perge
1105 2500 1250 2575 interim,

288 2595 486 2653 Venerabilis
507 2596 635 2673 Frater,
653 2598 687 2654 ut
708 2594 847 2670 coepisti,
865 2595 977 2653 bonum
1000 2599 1123 2652 certare
1144 2598 1253 2656 certa-

289 2707 373 2761 men,
402 2687 541 2748 viriliter
559 2705 629 2763 age,
652 2693 686 2748 et
706 2689 883 2748 confortare
905 2688 935 2746 in
958 2688 1098 2746 Domino.
1121 2691 1254 2750 Ceteros

289 2789 361 2844 tuae
383 2783 479 2842 animi
502 2782 709 2854 fortitudinis,
737 2787 809 2841 tuae
831 2782 861 2839 in
885 2785 980 2841 Deum
1005 2782 1088 2854 fidei,
1111 2786 1144 2840 et
1164 2785 1254 2841 chri-

289 2878 408 2936 stianae
432 2875 619 2952 patientiae,
644 2875 825 2945 doctrinae,
849 2875 1076 2950 charitatisque
1098 2877 1253 2953 exemplis

289 2973 326 3030 ad
349 2969 611 3046 perseverandum
628 2968 778 3026 confirma
792 2987 800 3039 3
823 2969 947 3042 Nosque
959 2967 1105 3027 existima
1121 2971 1204 3046 omni
1218 2972 1253 3028 in

289 3066 334 3122 Te
357 3067 488 3138 paterno
517 3061 724 3119 inflammatos
753 3062 856 3120 studio
878 3061 948 3120 Tibi
977 3079 1108 3137 cupere,
1140 3064 1212 3121 Tibi
1235 3083 1255 3123 a

289 3158 325 3216 D.
343 3156 378 3213 Ο.
396 3156 439 3213 Μ.
458 3154 597 3234 precari,
626 3159 660 3213 ut
682 3153 872 3230 multiplicet
901 3172 994 3230 super
1015 3157 1080 3227 Te,
1102 3159 1136 3215 et
1156 3173 1252 3233 super

289 3247 395 3306 fideles
410 3252 483 3306 tuae
499 3246 651 3306 Dioeoesis
666 3249 794 3324 populos
815 3248 1060 3306 misericordiam
1086 3267 1186 3322 suam,
1201 3269 1254 3309 ve-

289 3345 429 3416 strosque
443 3341 558 3412 luctuS,
568 3339 688 3400 labores
705 3359 741 3399 ac
755 3359 919 3400 aerumnas
934 3359 1040 3400 omnes
1055 3342 1086 3400 in
1102 3345 1252 3420 gaudium

290 3435 434 3505 tandem,
458 3434 566 3509 suique
588 3433 726 3510 Spiritus
758 3435 1000 3494 consolationem
1022 3442 1200 3496 convertat.
1217 3440 1251 3497 In

290 3527 378 3586 cuius
406 3526 644 3588 benevolentiae
675 3529 832 3602 Nostrae,
856 3529 977 3606 Tuique
1006 3528 1253 3590 existimationis

285 1571 363 1646 quod
381 1586 448 1626 cum
465 1571 625 1644 peractum
641 1567 769 1628 aNobis
791 1565 900 1636 fuerit,
914 1564 1021 1623 statim
1037 1564 1102 1622 eius
1118 1563 1250 1622 Decreti
1297 1611 1298 1646 ἒ
