<?xml version="1.0" encoding="UTF-8"?>
<!DOCTYPE html PUBLIC "-//W3C//DTD XHTML 1.0 Transitional//EN"
    "http://www.w3.org/TR/xhtml1/DTD/xhtml1-transitional.dtd">
<html xmlns="http://www.w3.org/1999/xhtml" xml:lang="en" lang="en">
 <head>
  <title>
</title>
<meta http-equiv="Content-Type" content="text/html;charset=utf-8" />
  <meta name='ocr-system' content='tesseract 3.04.00' />
  <meta name='ocr-capabilities' content='ocr_page ocr_carea ocr_par ocr_line ocrx_word'/>
</head>
<body>
  <div class='ocr_page' id='page_1' title='image "./piivipontmaxact02piusgoog_0057.png"; bbox 0 0 2582 4270; ppageno 0'>
   <div class='ocr_carea' id='block_1_1' title="bbox 58 297 1111 3666">
    <p class='ocr_par' dir='ltr' id='par_1_1' title="bbox 58 297 1111 3666">
     <span class='ocr_line' id='line_1_1' title="bbox 481 297 639 355; baseline 0 -15"><span class='ocrx_word' id='word_1_1' title='bbox 481 327 518 340; x_wconf 92' lang='lat'><strong>..</strong></span> <span class='ocrx_word' id='word_1_2' title='bbox 542 297 580 355; x_wconf 79' lang='lat'><strong>45</strong></span> <span class='ocrx_word' id='word_1_3' title='bbox 602 329 639 340; x_wconf 90' lang='lat'><em>-</em></span> 
     </span>
     <span class='ocr_line' id='line_1_2' title="bbox 74 397 1037 483; baseline 0.012 -27"><span class='ocrx_word' id='word_1_4' title='bbox 74 397 212 475; x_wconf 81' lang='lat' dir='ltr'><strong>cyclicas</strong></span> <span class='ocrx_word' id='word_1_5' title='bbox 234 399 361 461; x_wconf 74' lang='lat' dir='ltr'><strong>litteras</strong></span> <span class='ocrx_word' id='word_1_6' title='bbox 383 401 555 478; x_wconf 87' lang='lat' dir='ltr'><strong>imperata,</strong></span> <span class='ocrx_word' id='word_1_7' title='bbox 578 423 656 482; x_wconf 89' lang='lat' dir='ltr'><strong>quae</strong></span> <span class='ocrx_word' id='word_1_8' title='bbox 678 404 776 483; x_wconf 88' lang='lat' dir='ltr'><strong>ipsius</strong></span> <span class='ocrx_word' id='word_1_9' title='bbox 796 407 1037 483; x_wconf 78' lang='lat' dir='ltr'><strong>humanitatem,</strong></span> 
     </span>
     <span class='ocr_line' id='line_1_3' title="bbox 73 490 1039 578; baseline 0.011 -29"><span class='ocrx_word' id='word_1_10' title='bbox 73 490 364 570; x_wconf 80' lang='lat' dir='ltr'><strong>liberalitatemque</strong></span> <span class='ocrx_word' id='word_1_11' title='bbox 396 495 587 572; x_wconf 81' lang='lat' dir='ltr'><strong>singularem</strong></span> <span class='ocrx_word' id='word_1_12' title='bbox 622 498 764 558; x_wconf 89' lang='lat' dir='ltr'><strong>omnibus</strong></span> <span class='ocrx_word' id='word_1_13' title='bbox 791 501 941 560; x_wconf 89' lang='lat' dir='ltr'><strong>testatam</strong></span> <span class='ocrx_word' id='word_1_14' title='bbox 967 519 1039 578; x_wconf 84' lang='lat' dir='ltr'><strong>per-</strong></span> 
     </span>
     <span class='ocr_line' id='line_1_4' title="bbox 74 585 1040 670; baseline 0.011 -26"><span class='ocrx_word' id='word_1_15' title='bbox 74 587 169 660; x_wconf 89' lang='lat' dir='ltr'><strong>petuo</strong></span> <span class='ocrx_word' id='word_1_16' title='bbox 190 585 319 651; x_wconf 78' lang='lat' dir='ltr'><strong>facient.</strong></span> <span class='ocrx_word' id='word_1_17' title='bbox 336 589 597 655; x_wconf 87' lang='lat' dir='ltr'><strong>Quemadmodum</strong></span> <span class='ocrx_word' id='word_1_18' title='bbox 614 611 689 652; x_wconf 88' lang='lat' dir='ltr'><strong>vero</strong></span> <span class='ocrx_word' id='word_1_19' title='bbox 710 593 837 654; x_wconf 90' lang='lat' dir='ltr'><strong>minime</strong></span> <span class='ocrx_word' id='word_1_20' title='bbox 862 595 985 670; x_wconf 89' lang='lat' dir='ltr'><strong>sufficit,</strong></span> <span class='ocrx_word' id='word_1_21' title='bbox 1001 598 1040 655; x_wconf 91' lang='lat' dir='ltr'><strong>ut</strong></span> 
     </span>
     <span class='ocr_line' id='line_1_5' title="bbox 74 672 1054 761; baseline 0.014 -26"><span class='ocrx_word' id='word_1_22' title='bbox 74 677 211 738; x_wconf 91' lang='lat' dir='ltr'><strong>subsidia</strong></span> <span class='ocrx_word' id='word_1_23' title='bbox 233 681 439 758; x_wconf 87' lang='lat' dir='ltr'><strong>colligantur,</strong></span> <span class='ocrx_word' id='word_1_24' title='bbox 458 701 493 743; x_wconf 85' lang='lat' dir='ltr'><strong>ao</strong></span> <span class='ocrx_word' id='word_1_25' title='bbox 516 689 641 761; x_wconf 90' lang='lat' dir='ltr'><strong>praesto</strong></span> <span class='ocrx_word' id='word_1_26' title='bbox 664 687 740 760; x_wconf 90' lang='lat' dir='ltr'><strong>sint,</strong></span> <span class='ocrx_word' id='word_1_27' title='bbox 764 687 824 747; x_wconf 91' lang='lat' dir='ltr'><strong>nisi</strong></span> <span class='ocrx_word' id='word_1_28' title='bbox 846 707 884 749; x_wconf 91' lang='lat' dir='ltr'><strong>ea</strong></span> <span class='ocrx_word' id='word_1_29' title='bbox 905 707 965 748; x_wconf 89' lang='lat' dir='ltr'><strong>uno</strong></span> <span class='ocrx_word' id='word_1_30' title='bbox 986 672 1054 748; x_wconf 56' lang='lat' dir='ltr'><strong>eo?</strong></span> 
     </span>
     <span class='ocr_line' id='line_1_6' title="bbox 73 771 1036 858; baseline 0.01 -29"><span class='ocrx_word' id='word_1_31' title='bbox 73 771 203 849; x_wconf 89' lang='lat' dir='ltr'><strong>demque</strong></span> <span class='ocrx_word' id='word_1_32' title='bbox 218 777 359 851; x_wconf 90' lang='lat' dir='ltr'><strong>tempore</strong></span> <span class='ocrx_word' id='word_1_33' title='bbox 373 793 429 853; x_wconf 82' lang='lat' dir='ltr'><strong>pro</strong></span> <span class='ocrx_word' id='word_1_34' title='bbox 452 777 691 856; x_wconf 87' lang='lat' dir='ltr'><strong>uniuscuiusque</strong></span> <span class='ocrx_word' id='word_1_35' title='bbox 708 781 814 858; x_wconf 90' lang='lat' dir='ltr'><strong>inopia</strong></span> <span class='ocrx_word' id='word_1_36' title='bbox 835 781 1036 858; x_wconf 85' lang='lat' dir='ltr'><strong>suppediten-</strong></span> 
     </span>
     <span class='ocr_line' id='line_1_7' title="bbox 73 866 1035 953; baseline 0.014 -30"><span class='ocrx_word' id='word_1_37' title='bbox 73 868 147 937; x_wconf 91' lang='lat' dir='ltr'><strong>tur,</strong></span> <span class='ocrx_word' id='word_1_38' title='bbox 169 866 217 926; x_wconf 89' lang='lat' dir='ltr'><strong>ita</strong></span> <span class='ocrx_word' id='word_1_39' title='bbox 239 873 295 941; x_wconf 88' lang='lat' dir='ltr'><strong>tu,</strong></span> <span class='ocrx_word' id='word_1_40' title='bbox 316 870 507 931; x_wconf 81' lang='lat' dir='ltr'><strong>venerabilis</strong></span> <span class='ocrx_word' id='word_1_41' title='bbox 534 871 659 945; x_wconf 85' lang='lat' dir='ltr'><strong>frater,</strong></span> <span class='ocrx_word' id='word_1_42' title='bbox 682 874 733 950; x_wconf 91' lang='lat' dir='ltr'><strong>qui</strong></span> <span class='ocrx_word' id='word_1_43' title='bbox 756 875 871 934; x_wconf 89' lang='lat' dir='ltr'><strong>merito</strong></span> <span class='ocrx_word' id='word_1_44' title='bbox 894 877 1035 953; x_wconf 90' lang='lat' dir='ltr'><strong>publicae</strong></span> 
     </span>
     <span class='ocr_line' id='line_1_8' title="bbox 72 960 1034 1044; baseline 0.011 -27"><span class='ocrx_word' id='word_1_45' title='bbox 72 960 317 1022; x_wconf 87' lang='lat' dir='ltr'><strong>existimationis</strong></span> <span class='ocrx_word' id='word_1_46' title='bbox 340 963 463 1024; x_wconf 89' lang='lat' dir='ltr'><strong>laudem</strong></span> <span class='ocrx_word' id='word_1_47' title='bbox 485 965 675 1042; x_wconf 81' lang='lat' dir='ltr'><strong>collegeras,</strong></span> <span class='ocrx_word' id='word_1_48' title='bbox 698 972 873 1044; x_wconf 88' lang='lat' dir='ltr'><strong>opportune</strong></span> <span class='ocrx_word' id='word_1_49' title='bbox 895 971 1034 1030; x_wconf 90' lang='lat' dir='ltr'><strong>delectus</strong></span> 
     </span>
     <span class='ocr_line' id='line_1_9' title="bbox 71 1050 1035 1132; baseline 0.015 -23"><span class='ocrx_word' id='word_1_50' title='bbox 71 1050 183 1127; x_wconf 86' lang='lat' dir='ltr'><strong>fuisti,</strong></span> <span class='ocrx_word' id='word_1_51' title='bbox 206 1055 259 1132; x_wconf 91' lang='lat' dir='ltr'><strong>qui</strong></span> <span class='ocrx_word' id='word_1_52' title='bbox 290 1057 402 1116; x_wconf 92' lang='lat' dir='ltr'><strong>nedum</strong></span> <span class='ocrx_word' id='word_1_53' title='bbox 431 1058 567 1119; x_wconf 92' lang='lat' dir='ltr'><strong>subsidia</strong></span> <span class='ocrx_word' id='word_1_54' title='bbox 595 1058 692 1120; x_wconf 88' lang='lat' dir='ltr'><strong>istaec</strong></span> <span class='ocrx_word' id='word_1_55' title='bbox 724 1062 755 1120; x_wconf 93' lang='lat' dir='ltr'><strong>in</strong></span> <span class='ocrx_word' id='word_1_56' title='bbox 785 1080 879 1121; x_wconf 89' lang='lat' dir='ltr'><strong>unum</strong></span> <span class='ocrx_word' id='word_1_57' title='bbox 902 1063 1035 1123; x_wconf 90' lang='lat' dir='ltr'><strong>collecta</strong></span> 
     </span>
     <span class='ocr_line' id='line_1_10' title="bbox 72 1147 1034 1232; baseline 0.014 -29"><span class='ocrx_word' id='word_1_58' title='bbox 72 1147 249 1221; x_wconf 71' lang='lat' dir='ltr'><strong>conferma,</strong></span> <span class='ocrx_word' id='word_1_59' title='bbox 273 1152 324 1210; x_wconf 90' lang='lat' dir='ltr'><strong>sed</strong></span> <span class='ocrx_word' id='word_1_60' title='bbox 352 1149 447 1210; x_wconf 90' lang='lat' dir='ltr'><strong>etiam</strong></span> <span class='ocrx_word' id='word_1_61' title='bbox 469 1153 522 1229; x_wconf 87' lang='lat' dir='ltr'><strong>qui</strong></span> <span class='ocrx_word' id='word_1_62' title='bbox 550 1155 587 1212; x_wconf 89' lang='lat' dir='ltr'><strong>de</strong></span> <span class='ocrx_word' id='word_1_63' title='bbox 608 1157 693 1214; x_wconf 92' lang='lat' dir='ltr'><strong>statu</strong></span> <span class='ocrx_word' id='word_1_64' title='bbox 723 1159 756 1215; x_wconf 93' lang='lat' dir='ltr'><strong>et</strong></span> <span class='ocrx_word' id='word_1_65' title='bbox 776 1156 880 1232; x_wconf 92' lang='lat' dir='ltr'><strong>inopia</strong></span> <span class='ocrx_word' id='word_1_66' title='bbox 907 1160 1034 1216; x_wconf 89' lang='lat' dir='ltr'><strong>tuorum</strong></span> 
     </span>
     <span class='ocr_line' id='line_1_11' title="bbox 71 1241 1035 1323; baseline 0.013 -25"><span class='ocrx_word' id='word_1_67' title='bbox 71 1241 277 1316; x_wconf 82' lang='lat' dir='ltr'><strong>confratrum,</strong></span> <span class='ocrx_word' id='word_1_68' title='bbox 300 1244 495 1323; x_wconf 87' lang='lat' dir='ltr'><strong>aliorumque</strong></span> <span class='ocrx_word' id='word_1_69' title='bbox 510 1248 793 1308; x_wconf 85' lang='lat' dir='ltr'><strong>ecclesiasticorum</strong></span> <span class='ocrx_word' id='word_1_70' title='bbox 809 1251 971 1311; x_wconf 81' lang='lat' dir='ltr'><strong>Gallorum</strong></span> <span class='ocrx_word' id='word_1_71' title='bbox 986 1251 1035 1311; x_wconf 87' lang='lat' dir='ltr'><strong>vi·</strong></span> 
     </span>
     <span class='ocr_line' id='line_1_12' title="bbox 71 1335 1032 1422; baseline 0.015 -29"><span class='ocrx_word' id='word_1_72' title='bbox 71 1335 168 1411; x_wconf 86' lang='lat' dir='ltr'><strong>gilem</strong></span> <span class='ocrx_word' id='word_1_73' title='bbox 190 1355 296 1398; x_wconf 87' lang='lat' dir='ltr'><strong>curam</strong></span> <span class='ocrx_word' id='word_1_74' title='bbox 319 1341 502 1418; x_wconf 88' lang='lat' dir='ltr'><strong>susciperes,</strong></span> <span class='ocrx_word' id='word_1_75' title='bbox 520 1349 556 1402; x_wconf 89' lang='lat' dir='ltr'><strong>ut</strong></span> <span class='ocrx_word' id='word_1_76' title='bbox 577 1345 613 1402; x_wconf 88' lang='lat' dir='ltr'><strong>de</strong></span> <span class='ocrx_word' id='word_1_77' title='bbox 629 1343 776 1420; x_wconf 87' lang='lat' dir='ltr'><strong>cuiusque</strong></span> <span class='ocrx_word' id='word_1_78' title='bbox 791 1344 967 1422; x_wconf 81' lang='lat' dir='ltr'><strong>indigentia</strong></span> <span class='ocrx_word' id='word_1_79' title='bbox 981 1365 1032 1406; x_wconf 86' lang='lat' dir='ltr'><strong>cos</strong></span> 
     </span>
     <span class='ocr_line' id='line_1_13' title="bbox 70 1432 1034 1516; baseline 0.008 -26"><span class='ocrx_word' id='word_1_80' title='bbox 70 1432 218 1491; x_wconf 87' lang='lat' dir='ltr'><strong>redderes</strong></span> <span class='ocrx_word' id='word_1_81' title='bbox 239 1433 402 1506; x_wconf 87' lang='lat' dir='ltr'><strong>certiores,</strong></span> <span class='ocrx_word' id='word_1_82' title='bbox 418 1435 471 1516; x_wconf 88' lang='lat' dir='ltr'><strong>qui</strong></span> <span class='ocrx_word' id='word_1_83' title='bbox 493 1435 639 1512; x_wconf 89' lang='lat' dir='ltr'><strong>pecunias</strong></span> <span class='ocrx_word' id='word_1_84' title='bbox 654 1436 811 1515; x_wconf 87' lang='lat' dir='ltr'><strong>depositas</strong></span> <span class='ocrx_word' id='word_1_85' title='bbox 833 1439 912 1514; x_wconf 90' lang='lat' dir='ltr'><strong>apud</strong></span> <span class='ocrx_word' id='word_1_86' title='bbox 936 1457 967 1497; x_wconf 87' lang='lat' dir='ltr'><strong>se</strong></span> <span class='ocrx_word' id='word_1_87' title='bbox 981 1457 1034 1498; x_wconf 90' lang='lat' dir='ltr'><strong>ou-</strong></span> 
     </span>
     <span class='ocr_line' id='line_1_14' title="bbox 70 1527 1032 1606; baseline 0.006 -20"><span class='ocrx_word' id='word_1_88' title='bbox 70 1527 266 1601; x_wconf 83' lang='lat' dir='ltr'><strong>stodiebant3</strong></span> <span class='ocrx_word' id='word_1_89' title='bbox 289 1545 329 1586; x_wconf 81' lang='lat' dir='ltr'><strong>ex</strong></span> <span class='ocrx_word' id='word_1_90' title='bbox 350 1547 410 1606; x_wconf 94' lang='lat' dir='ltr'><strong>quo</strong></span> <span class='ocrx_word' id='word_1_91' title='bbox 432 1530 549 1590; x_wconf 87' lang='lat' dir='ltr'><strong>factum</strong></span> <span class='ocrx_word' id='word_1_92' title='bbox 571 1535 637 1605; x_wconf 89' lang='lat' dir='ltr'><strong>est,</strong></span> <span class='ocrx_word' id='word_1_93' title='bbox 661 1536 698 1592; x_wconf 91' lang='lat' dir='ltr'><strong>ut</strong></span> <span class='ocrx_word' id='word_1_94' title='bbox 724 1531 804 1592; x_wconf 92' lang='lat' dir='ltr'><strong>nihil</strong></span> <span class='ocrx_word' id='word_1_95' title='bbox 827 1533 951 1592; x_wconf 90' lang='lat' dir='ltr'><strong>omnino</strong></span> <span class='ocrx_word' id='word_1_96' title='bbox 973 1533 1032 1592; x_wconf 91' lang='lat' dir='ltr'><strong>ulli</strong></span> 
     </span>
     <span class='ocr_line' id='line_1_15' title="bbox 69 1619 1030 1698; baseline 0.005 -19"><span class='ocrx_word' id='word_1_97' title='bbox 69 1638 216 1698; x_wconf 92' lang='lat' dir='ltr'><strong>umquam</strong></span> <span class='ocrx_word' id='word_1_98' title='bbox 238 1622 386 1697; x_wconf 89' lang='lat' dir='ltr'><strong>defuerit,</strong></span> <span class='ocrx_word' id='word_1_99' title='bbox 403 1627 459 1684; x_wconf 91' lang='lat' dir='ltr'><strong>aut</strong></span> <span class='ocrx_word' id='word_1_100' title='bbox 480 1625 573 1686; x_wconf 91' lang='lat' dir='ltr'><strong>desit.</strong></span> <span class='ocrx_word' id='word_1_101' title='bbox 590 1628 653 1686; x_wconf 86' lang='lat' dir='ltr'><strong>Nos</strong></span> <span class='ocrx_word' id='word_1_102' title='bbox 675 1627 770 1688; x_wconf 90' lang='lat' dir='ltr'><strong>semel</strong></span> <span class='ocrx_word' id='word_1_103' title='bbox 792 1645 827 1686; x_wconf 89' lang='lat' dir='ltr'><strong>ac</strong></span> <span class='ocrx_word' id='word_1_104' title='bbox 853 1619 1030 1687; x_wconf 83' lang='lat' dir='ltr'><strong>huiusmodi</strong></span> 
     </span>
     <span class='ocr_line' id='line_1_16' title="bbox 68 1713 1026 1793; baseline 0.005 -20"><span class='ocrx_word' id='word_1_105' title='bbox 68 1713 216 1774; x_wconf 90' lang='lat' dir='ltr'><strong>nuntium</strong></span> <span class='ocrx_word' id='word_1_106' title='bbox 238 1715 424 1792; x_wconf 90' lang='lat' dir='ltr'><strong>accepimus,</strong></span> <span class='ocrx_word' id='word_1_107' title='bbox 440 1717 566 1778; x_wconf 89' lang='lat' dir='ltr'><strong>Nostris</strong></span> <span class='ocrx_word' id='word_1_108' title='bbox 587 1718 619 1775; x_wconf 93' lang='lat' dir='ltr'><strong>in</strong></span> <span class='ocrx_word' id='word_1_109' title='bbox 641 1719 742 1778; x_wconf 85' lang='lat' dir='ltr'><strong>forma</strong></span> <span class='ocrx_word' id='word_1_110' title='bbox 761 1721 874 1778; x_wconf 88' lang='lat' dir='ltr'><strong>Brevis</strong></span> <span class='ocrx_word' id='word_1_111' title='bbox 895 1719 1026 1793; x_wconf 89' lang='lat' dir='ltr'><strong>litteris,</strong></span> 
     </span>
     <span class='ocr_line' id='line_1_17' title="bbox 68 1809 1031 1886; baseline 0.005 -20"><span class='ocrx_word' id='word_1_112' title='bbox 68 1827 144 1884; x_wconf 89' lang='lat' dir='ltr'><strong>quas</strong></span> <span class='ocrx_word' id='word_1_113' title='bbox 159 1809 217 1868; x_wconf 88' lang='lat' dir='ltr'><strong>hac</strong></span> <span class='ocrx_word' id='word_1_114' title='bbox 238 1809 344 1868; x_wconf 89' lang='lat' dir='ltr'><strong>eadem</strong></span> <span class='ocrx_word' id='word_1_115' title='bbox 360 1811 397 1868; x_wconf 93' lang='lat' dir='ltr'><strong>de</strong></span> <span class='ocrx_word' id='word_1_116' title='bbox 418 1827 453 1869; x_wconf 90' lang='lat' dir='ltr'><strong>re</strong></span> <span class='ocrx_word' id='word_1_117' title='bbox 475 1810 656 1886; x_wconf 85' lang='lat' dir='ltr'><strong>scripsimus</strong></span> <span class='ocrx_word' id='word_1_118' title='bbox 671 1813 905 1872; x_wconf 83' lang='lat' dir='ltr'><strong>venerabilibus</strong></span> <span class='ocrx_word' id='word_1_119' title='bbox 919 1812 1031 1873; x_wconf 85' lang='lat' dir='ltr'><strong>iratri-</strong></span> 
     </span>
     <span class='ocr_line' id='line_1_18' title="bbox 66 1901 1028 1980; baseline 0.007 -21"><span class='ocrx_word' id='word_1_120' title='bbox 66 1901 125 1960; x_wconf 91' lang='lat' dir='ltr'><strong>bus</strong></span> <span class='ocrx_word' id='word_1_121' title='bbox 145 1903 400 1980; x_wconf 83' lang='lat' dir='ltr'><strong>archiepiscopis,</strong></span> <span class='ocrx_word' id='word_1_122' title='bbox 417 1906 450 1962; x_wconf 94' lang='lat' dir='ltr'><strong>et</strong></span> <span class='ocrx_word' id='word_1_123' title='bbox 464 1903 629 1980; x_wconf 86' lang='lat' dir='ltr'><strong>episcopis,</strong></span> <span class='ocrx_word' id='word_1_124' title='bbox 646 1923 681 1964; x_wconf 93' lang='lat' dir='ltr'><strong>ac</strong></span> <span class='ocrx_word' id='word_1_125' title='bbox 696 1905 819 1965; x_wconf 89' lang='lat' dir='ltr'><strong>dilectis</strong></span> <span class='ocrx_word' id='word_1_126' title='bbox 840 1905 916 1966; x_wconf 87' lang='lat' dir='ltr'><strong>filiis</strong></span> <span class='ocrx_word' id='word_1_127' title='bbox 937 1907 1028 1966; x_wconf 87' lang='lat' dir='ltr'><strong>abba-</strong></span> 
     </span>
     <span class='ocr_line' id='line_1_19' title="bbox 66 1995 1029 2074; baseline 0.005 -22"><span class='ocrx_word' id='word_1_128' title='bbox 66 1995 163 2068; x_wconf 89' lang='lat' dir='ltr'><strong>tibus,</strong></span> <span class='ocrx_word' id='word_1_129' title='bbox 177 1997 356 2068; x_wconf 84' lang='lat' dir='ltr'><strong>abbatissis,</strong></span> <span class='ocrx_word' id='word_1_130' title='bbox 366 1997 527 2072; x_wconf 75' lang='lat' dir='ltr'><strong>capituliS‚</strong></span> <span class='ocrx_word' id='word_1_131' title='bbox 540 2000 573 2058; x_wconf 92' lang='lat' dir='ltr'><strong>et</strong></span> <span class='ocrx_word' id='word_1_132' title='bbox 586 1996 670 2056; x_wconf 90' lang='lat' dir='ltr'><strong>clero</strong></span> <span class='ocrx_word' id='word_1_133' title='bbox 682 2001 746 2058; x_wconf 90' lang='lat' dir='ltr'><strong>tam</strong></span> <span class='ocrx_word' id='word_1_134' title='bbox 760 1999 924 2072; x_wconf 84' lang='lat' dir='ltr'><strong>saeculari,</strong></span> <span class='ocrx_word' id='word_1_135' title='bbox 938 2017 1029 2074; x_wconf 91' lang='lat' dir='ltr'><strong>quam</strong></span> 
     </span>
     <span class='ocr_line' id='line_1_20' title="bbox 66 2088 1031 2169; baseline 0.004 -24"><span class='ocrx_word' id='word_1_136' title='bbox 66 2088 208 2164; x_wconf 90' lang='lat' dir='ltr'><strong>regulari</strong></span> <span class='ocrx_word' id='word_1_137' title='bbox 230 2091 435 2164; x_wconf 82' lang='lat' dir='ltr'><strong>Germaniae,</strong></span> <span class='ocrx_word' id='word_1_138' title='bbox 459 2091 509 2149; x_wconf 91' lang='lat' dir='ltr'><strong>die</strong></span> <span class='ocrx_word' id='word_1_139' title='bbox 531 2092 568 2152; x_wconf 85' lang='lat'><strong>21</strong></span> <span class='ocrx_word' id='word_1_140' title='bbox 584 2093 770 2151; x_wconf 89' lang='lat' dir='ltr'><strong>Novembris</strong></span> <span class='ocrx_word' id='word_1_141' title='bbox 792 2093 962 2169; x_wconf 87' lang='lat' dir='ltr'><strong>superioris</strong></span> <span class='ocrx_word' id='word_1_142' title='bbox 977 2111 1031 2150; x_wconf 88' lang='lat' dir='ltr'><strong>an.</strong></span> 
     </span>
     <span class='ocr_line' id='line_1_21' title="bbox 66 2183 1028 2262; baseline 0.004 -22"><span class='ocrx_word' id='word_1_143' title='bbox 66 2184 98 2241; x_wconf 94' lang='lat' dir='ltr'><strong>ni</strong></span> <span class='ocrx_word' id='word_1_144' title='bbox 115 2185 205 2258; x_wconf 82' lang='lat'><strong>1792,</strong></span> <span class='ocrx_word' id='word_1_145' title='bbox 221 2183 344 2243; x_wconf 87' lang='lat' dir='ltr'><strong>meritis</strong></span> <span class='ocrx_word' id='word_1_146' title='bbox 365 2183 509 2244; x_wconf 89' lang='lat' dir='ltr'><strong>laudibus</strong></span> <span class='ocrx_word' id='word_1_147' title='bbox 524 2185 715 2246; x_wconf 89' lang='lat' dir='ltr'><strong>afficiendum</strong></span> <span class='ocrx_word' id='word_1_148' title='bbox 728 2187 908 2262; x_wconf 87' lang='lat' dir='ltr'><strong>putavimus</strong></span> <span class='ocrx_word' id='word_1_149' title='bbox 922 2205 1028 2262; x_wconf 86' lang='lat' dir='ltr'><strong>regem</strong></span> 
     </span>
     <span class='ocr_line' id='line_1_22' title="bbox 64 2277 1028 2354; baseline 0.001 -18"><span class='ocrx_word' id='word_1_150' title='bbox 64 2277 179 2354; x_wconf 90' lang='lat' dir='ltr'><strong>ipsum,</strong></span> <span class='ocrx_word' id='word_1_151' title='bbox 203 2278 237 2335; x_wconf 87' lang='lat' dir='ltr'><strong>et</strong></span> <span class='ocrx_word' id='word_1_152' title='bbox 257 2278 415 2337; x_wconf 89' lang='lat' dir='ltr'><strong>nationem</strong></span> <span class='ocrx_word' id='word_1_153' title='bbox 439 2278 616 2337; x_wconf 83' lang='lat' dir='ltr'><strong>universam</strong></span> <span class='ocrx_word' id='word_1_154' title='bbox 632 2277 681 2336; x_wconf 90' lang='lat' dir='ltr'><strong>his</strong></span> <span class='ocrx_word' id='word_1_155' title='bbox 704 2279 821 2338; x_wconf 78' lang='lat' dir='ltr'><strong>verbis:</strong></span> <span class='ocrx_word' id='word_1_156' title='bbox 838 2281 926 2340; x_wconf 79' lang='lat' dir='ltr'><strong>«Nos</strong></span> <span class='ocrx_word' id='word_1_157' title='bbox 942 2282 1028 2338; x_wconf 88' lang='lat' dir='ltr'><strong>certe</strong></span> 
     </span>
     <span class='ocr_line' id='line_1_23' title="bbox 64 2371 1028 2448; baseline 0.001 -16"><span class='ocrx_word' id='word_1_158' title='bbox 64 2373 204 2432; x_wconf 85' lang='lat' dir='ltr'><strong>maxima</strong></span> <span class='ocrx_word' id='word_1_159' title='bbox 231 2371 322 2430; x_wconf 92' lang='lat' dir='ltr'><strong>laude</strong></span> <span class='ocrx_word' id='word_1_160' title='bbox 351 2373 512 2432; x_wconf 87' lang='lat' dir='ltr'><strong>cumulare</strong></span> <span class='ocrx_word' id='word_1_161' title='bbox 534 2373 730 2432; x_wconf 75' lang='lat' dir='ltr'><strong>debemus...</strong></span> <span class='ocrx_word' id='word_1_162' title='bbox 754 2373 940 2448; x_wconf 86' lang='lat' dir='ltr'><strong>praesertim</strong></span> <span class='ocrx_word' id='word_1_163' title='bbox 962 2374 1028 2433; x_wconf 90' lang='lat' dir='ltr'><strong>Ma·</strong></span> 
     </span>
     <span class='ocr_line' id='line_1_24' title="bbox 65 2465 1027 2544; baseline 0.002 -20"><span class='ocrx_word' id='word_1_164' title='bbox 65 2485 144 2542; x_wconf 84' lang='lat' dir='ltr'><strong>gnae</strong></span> <span class='ocrx_word' id='word_1_165' title='bbox 157 2465 340 2526; x_wconf 90' lang='lat' dir='ltr'><strong>Britanniae</strong></span> <span class='ocrx_word' id='word_1_166' title='bbox 355 2483 461 2544; x_wconf 85' lang='lat' dir='ltr'><strong>regern</strong></span> <span class='ocrx_word' id='word_1_167' title='bbox 474 2467 644 2537; x_wconf 90' lang='lat' dir='ltr'><strong>illustrem,</strong></span> <span class='ocrx_word' id='word_1_168' title='bbox 662 2470 695 2525; x_wconf 92' lang='lat' dir='ltr'><strong>et</strong></span> <span class='ocrx_word' id='word_1_169' title='bbox 709 2467 861 2544; x_wconf 83' lang='lat' dir='ltr'><strong>inclytam</strong></span> <span class='ocrx_word' id='word_1_170' title='bbox 877 2467 965 2526; x_wconf 77' lang='lat' dir='ltr'><strong>illius</strong></span> <span class='ocrx_word' id='word_1_171' title='bbox 978 2485 1027 2526; x_wconf 84' lang='lat' dir='ltr'><strong>re·</strong></span> 
     </span>
     <span class='ocr_line' id='line_1_25' title="bbox 64 2559 1026 2636; baseline 0.001 -19"><span class='ocrx_word' id='word_1_172' title='bbox 64 2559 117 2635; x_wconf 85' lang='lat' dir='ltr'><strong>gni</strong></span> <span class='ocrx_word' id='word_1_173' title='bbox 132 2559 304 2632; x_wconf 86' lang='lat' dir='ltr'><strong>nationem,</strong></span> <span class='ocrx_word' id='word_1_174' title='bbox 318 2559 370 2636; x_wconf 88' lang='lat' dir='ltr'><strong>qui</strong></span> <span class='ocrx_word' id='word_1_175' title='bbox 386 2577 491 2618; x_wconf 86' lang='lat' dir='ltr'><strong>omnes</strong></span> <span class='ocrx_word' id='word_1_176' title='bbox 505 2577 581 2636; x_wconf 86' lang='lat' dir='ltr'><strong>erga</strong></span> <span class='ocrx_word' id='word_1_177' title='bbox 595 2560 642 2618; x_wconf 92' lang='lat' dir='ltr'><strong>sui</strong></span> <span class='ocrx_word' id='word_1_178' title='bbox 655 2559 785 2633; x_wconf 91' lang='lat' dir='ltr'><strong>similes,</strong></span> <span class='ocrx_word' id='word_1_179' title='bbox 798 2559 884 2618; x_wconf 91' lang='lat' dir='ltr'><strong>ducti</strong></span> <span class='ocrx_word' id='word_1_180' title='bbox 896 2560 1026 2636; x_wconf 89' lang='lat' dir='ltr'><strong>quodam</strong></span> 
     </span>
     <span class='ocr_line' id='line_1_26' title="bbox 63 2651 1024 2728; baseline -0.001 -17"><span class='ocrx_word' id='word_1_181' title='bbox 63 2652 180 2728; x_wconf 90' lang='lat' dir='ltr'><strong>spiritu</strong></span> <span class='ocrx_word' id='word_1_182' title='bbox 201 2653 420 2726; x_wconf 89' lang='lat' dir='ltr'><strong>humanitatis,</strong></span> <span class='ocrx_word' id='word_1_183' title='bbox 436 2655 473 2712; x_wconf 93' lang='lat' dir='ltr'><strong>ut</strong></span> <span class='ocrx_word' id='word_1_184' title='bbox 494 2651 540 2711; x_wconf 92' lang='lat' dir='ltr'><strong>ait</strong></span> <span class='ocrx_word' id='word_1_185' title='bbox 561 2655 687 2712; x_wconf 88' lang='lat' dir='ltr'><strong>sanctus</strong></span> <span class='ocrx_word' id='word_1_186' title='bbox 700 2652 894 2725; x_wconf 90' lang='lat' dir='ltr'><strong>Ambrosius,</strong></span> <span class='ocrx_word' id='word_1_187' title='bbox 915 2653 1024 2711; x_wconf 89' lang='lat' dir='ltr'><strong>iisdem</strong></span> 
     </span>
     <span class='ocr_line' id='line_1_27' title="bbox 62 2746 1111 2824; baseline -0.002 -18"><span class='ocrx_word' id='word_1_188' title='bbox 62 2746 204 2806; x_wconf 87' lang='lat' dir='ltr'><strong>subsidia</strong></span> <span class='ocrx_word' id='word_1_189' title='bbox 228 2747 485 2822; x_wconf 86' lang='lat' dir='ltr'><strong>suppeditarunt,</strong></span> <span class='ocrx_word' id='word_1_190' title='bbox 505 2746 699 2806; x_wconf 88' lang='lat' dir='ltr'><strong>aemulantes</strong></span> <span class='ocrx_word' id='word_1_191' title='bbox 721 2747 853 2824; x_wconf 87' lang='lat' dir='ltr'><strong>gloriam</strong></span> <span class='ocrx_word' id='word_1_192' title='bbox 879 2747 1026 2822; x_wconf 88' lang='lat' dir='ltr'><strong>antiquo·</strong></span> <span class='ocrx_word' id='word_1_193' title='bbox 1109 2774 1111 2777; x_wconf 29' lang='lat' dir='ltr'>v</span> 
     </span>
     <span class='ocr_line' id='line_1_28' title="bbox 61 2839 1023 2916; baseline -0.001 -17"><span class='ocrx_word' id='word_1_194' title='bbox 61 2858 133 2899; x_wconf 86' lang='lat' dir='ltr'><strong>rum</strong></span> <span class='ocrx_word' id='word_1_195' title='bbox 148 2842 372 2912; x_wconf 90' lang='lat' dir='ltr'><strong>Romanorum,</strong></span> <span class='ocrx_word' id='word_1_196' title='bbox 384 2842 464 2915; x_wconf 90' lang='lat' dir='ltr'><strong>apud</strong></span> <span class='ocrx_word' id='word_1_197' title='bbox 487 2857 563 2916; x_wconf 88' lang='lat' dir='ltr'><strong>quos</strong></span> <span class='ocrx_word' id='word_1_198' title='bbox 577 2839 744 2899; x_wconf 87' lang='lat' dir='ltr'><strong>videbatur</strong></span> <span class='ocrx_word' id='word_1_199' title='bbox 759 2841 851 2900; x_wconf 90' lang='lat' dir='ltr'><strong>valde</strong></span> <span class='ocrx_word' id='word_1_200' title='bbox 866 2842 1023 2914; x_wconf 89' lang='lat' dir='ltr'><strong>decorum,</strong></span> 
     </span>
     <span class='ocr_line' id='line_1_29' title="bbox 60 2931 1026 3010; baseline -0.003 -17"><span class='ocrx_word' id='word_1_201' title='bbox 60 2937 170 3009; x_wconf 87' lang='lat' dir='ltr'><strong>patere</strong></span> <span class='ocrx_word' id='word_1_202' title='bbox 194 2933 298 2990; x_wconf 90' lang='lat' dir='ltr'><strong>domos</strong></span> <span class='ocrx_word' id='word_1_203' title='bbox 318 2931 476 2990; x_wconf 91' lang='lat' dir='ltr'><strong>hominum</strong></span> <span class='ocrx_word' id='word_1_204' title='bbox 497 2931 671 2991; x_wconf 90' lang='lat' dir='ltr'><strong>illustrium</strong></span> <span class='ocrx_word' id='word_1_205' title='bbox 692 2931 868 3010; x_wconf 87' lang='lat' dir='ltr'><strong>hospitibus</strong></span> <span class='ocrx_word' id='word_1_206' title='bbox 888 2931 1026 2991; x_wconf 88' lang='lat' dir='ltr'><strong>illustri-</strong></span> 
     </span>
     <span class='ocr_line' id='line_1_30' title="bbox 60 3026 1024 3104; baseline 0.002 -19"><span class='ocrx_word' id='word_1_207' title='bbox 60 3027 137 3100; x_wconf 80' lang='lat' dir='ltr'><strong>bus3</strong></span> <span class='ocrx_word' id='word_1_208' title='bbox 158 3026 250 3102; x_wconf 90' lang='lat' dir='ltr'><strong>idque</strong></span> <span class='ocrx_word' id='word_1_209' title='bbox 264 3027 360 3086; x_wconf 90' lang='lat' dir='ltr'><strong>etiam</strong></span> <span class='ocrx_word' id='word_1_210' title='bbox 376 3026 568 3104; x_wconf 86' lang='lat' dir='ltr'><strong>reipublicae</strong></span> <span class='ocrx_word' id='word_1_211' title='bbox 583 3045 650 3086; x_wconf 89' lang='lat' dir='ltr'><strong>esse</strong></span> <span class='ocrx_word' id='word_1_212' title='bbox 673 3029 869 3100; x_wconf 87' lang='lat' dir='ltr'><strong>ornamento,</strong></span> <span class='ocrx_word' id='word_1_213' title='bbox 883 3026 1024 3087; x_wconf 89' lang='lat' dir='ltr'><strong>homines</strong></span> 
     </span>
     <span class='ocr_line' id='line_1_31' title="bbox 60 3120 1021 3198; baseline 0 -20"><span class='ocrx_word' id='word_1_214' title='bbox 60 3123 212 3180; x_wconf 83' lang='lat' dir='ltr'><strong>externos</strong></span> <span class='ocrx_word' id='word_1_215' title='bbox 236 3121 294 3179; x_wconf 92' lang='lat' dir='ltr'><strong>hoc</strong></span> <span class='ocrx_word' id='word_1_216' title='bbox 314 3120 520 3180; x_wconf 85' lang='lat' dir='ltr'><strong>liberalitatis</strong></span> <span class='ocrx_word' id='word_1_217' title='bbox 541 3139 655 3198; x_wconf 85' lang='lat' dir='ltr'><strong>genere</strong></span> <span class='ocrx_word' id='word_1_218' title='bbox 676 3121 709 3180; x_wconf 88' lang='lat' dir='ltr'><strong>in</strong></span> <span class='ocrx_word' id='word_1_219' title='bbox 732 3121 807 3182; x_wconf 87' lang='lat' dir='ltr'><strong>urbe</strong></span> <span class='ocrx_word' id='word_1_220' title='bbox 830 3123 937 3180; x_wconf 87' lang='lat' dir='ltr'><strong>nostra</strong></span> <span class='ocrx_word' id='word_1_221' title='bbox 961 3139 1021 3180; x_wconf 92' lang='lat' dir='ltr'><strong>non</strong></span> 
     </span>
     <span class='ocr_line' id='line_1_32' title="bbox 61 3215 1024 3294; baseline 0 -21"><span class='ocrx_word' id='word_1_222' title='bbox 61 3231 197 3294; x_wconf 76' lang='lat' dir='ltr'><strong>egere.»</strong></span> <span class='ocrx_word' id='word_1_223' title='bbox 218 3215 294 3274; x_wconf 79' lang='lat' dir='ltr'><strong>Cum</strong></span> <span class='ocrx_word' id='word_1_224' title='bbox 316 3218 421 3274; x_wconf 90' lang='lat' dir='ltr'><strong>autem</strong></span> <span class='ocrx_word' id='word_1_225' title='bbox 438 3216 503 3276; x_wconf 90' lang='lat' dir='ltr'><strong>Nos</strong></span> <span class='ocrx_word' id='word_1_226' title='bbox 525 3215 639 3289; x_wconf 89' lang='lat' dir='ltr'><strong>lateat,</strong></span> <span class='ocrx_word' id='word_1_227' title='bbox 656 3234 730 3274; x_wconf 93' lang='lat' dir='ltr'><strong>num</strong></span> <span class='ocrx_word' id='word_1_228' title='bbox 745 3217 803 3276; x_wconf 89' lang='lat' dir='ltr'><strong>hae</strong></span> <span class='ocrx_word' id='word_1_229' title='bbox 817 3217 954 3276; x_wconf 87' lang='lat' dir='ltr'><strong>Nostrae</strong></span> <span class='ocrx_word' id='word_1_230' title='bbox 967 3215 1024 3274; x_wconf 92' lang='lat' dir='ltr'><strong>lit·</strong></span> 
     </span>
     <span class='ocr_line' id='line_1_33' title="bbox 60 3309 1025 3386; baseline -0.001 -18"><span class='ocrx_word' id='word_1_231' title='bbox 60 3312 161 3384; x_wconf 88' lang='lat' dir='ltr'><strong>terae,</strong></span> <span class='ocrx_word' id='word_1_232' title='bbox 185 3326 316 3385; x_wconf 88' lang='lat' dir='ltr'><strong>quarum</strong></span> <span class='ocrx_word' id='word_1_233' title='bbox 338 3309 515 3384; x_wconf 84' lang='lat' dir='ltr'><strong>exemplum</strong></span> <span class='ocrx_word' id='word_1_234' title='bbox 537 3310 575 3368; x_wconf 90' lang='lat' dir='ltr'><strong>ad</strong></span> <span class='ocrx_word' id='word_1_235' title='bbox 598 3311 630 3368; x_wconf 91' lang='lat' dir='ltr'><strong>te</strong></span> <span class='ocrx_word' id='word_1_236' title='bbox 652 3309 826 3382; x_wconf 90' lang='lat' dir='ltr'><strong>mittimus,</strong></span> <span class='ocrx_word' id='word_1_237' title='bbox 849 3309 930 3368; x_wconf 88' lang='lat' dir='ltr'><strong>istuc</strong></span> <span class='ocrx_word' id='word_1_238' title='bbox 951 3326 1025 3386; x_wconf 86' lang='lat' dir='ltr'><strong>per-</strong></span> 
     </span>
     <span class='ocr_line' id='line_1_34' title="bbox 59 3401 1020 3479; baseline 0 -19"><span class='ocrx_word' id='word_1_239' title='bbox 59 3401 221 3473; x_wconf 83' lang='lat' dir='ltr'><strong>venerint,</strong></span> <span class='ocrx_word' id='word_1_240' title='bbox 248 3402 413 3461; x_wconf 90' lang='lat' dir='ltr'><strong>consilium</strong></span> <span class='ocrx_word' id='word_1_241' title='bbox 436 3401 572 3479; x_wconf 91' lang='lat' dir='ltr'><strong>cepimus</strong></span> <span class='ocrx_word' id='word_1_242' title='bbox 587 3402 742 3462; x_wconf 87' lang='lat' dir='ltr'><strong>scribendi</strong></span> <span class='ocrx_word' id='word_1_243' title='bbox 756 3401 826 3476; x_wconf 93' lang='lat' dir='ltr'><strong>tibi,</strong></span> <span class='ocrx_word' id='word_1_244' title='bbox 844 3404 952 3478; x_wconf 91' lang='lat' dir='ltr'><strong>utpote</strong></span> <span class='ocrx_word' id='word_1_245' title='bbox 967 3401 1020 3478; x_wconf 90' lang='lat' dir='ltr'><strong>qui</strong></span> 
     </span>
     <span class='ocr_line' id='line_1_35' title="bbox 59 3494 1021 3573; baseline -0.002 -20"><span class='ocrx_word' id='word_1_246' title='bbox 59 3495 113 3556; x_wconf 90' lang='lat' dir='ltr'><strong>ille</strong></span> <span class='ocrx_word' id='word_1_247' title='bbox 136 3513 190 3568; x_wconf 90' lang='lat' dir='ltr'><strong>es,</strong></span> <span class='ocrx_word' id='word_1_248' title='bbox 215 3513 275 3571; x_wconf 87' lang='lat' dir='ltr'><strong>quo</strong></span> <span class='ocrx_word' id='word_1_249' title='bbox 296 3496 368 3554; x_wconf 87' lang='lat' dir='ltr'><strong>istic</strong></span> <span class='ocrx_word' id='word_1_250' title='bbox 390 3513 466 3569; x_wconf 81' lang='lat' dir='ltr'><strong>rex,</strong></span> <span class='ocrx_word' id='word_1_251' title='bbox 491 3499 522 3556; x_wconf 91' lang='lat' dir='ltr'><strong>et</strong></span> <span class='ocrx_word' id='word_1_252' title='bbox 544 3496 630 3554; x_wconf 90' lang='lat' dir='ltr'><strong>natio</strong></span> <span class='ocrx_word' id='word_1_253' title='bbox 651 3515 707 3556; x_wconf 88' lang='lat' dir='ltr'><strong>usa</strong></span> <span class='ocrx_word' id='word_1_254' title='bbox 727 3499 776 3555; x_wconf 89' lang='lat' dir='ltr'><strong>est</strong></span> <span class='ocrx_word' id='word_1_255' title='bbox 797 3513 853 3573; x_wconf 91' lang='lat' dir='ltr'><strong>pro</strong></span> <span class='ocrx_word' id='word_1_256' title='bbox 875 3494 1021 3554; x_wconf 85' lang='lat' dir='ltr'><strong>subsidiis</strong></span> 
     </span>
     <span class='ocr_line' id='line_1_36' title="bbox 58 3588 1021 3666; baseline -0.004 -16"><span class='ocrx_word' id='word_1_257' title='bbox 58 3588 256 3666; x_wconf 83' lang='lat' dir='ltr'><strong>partiendis,</strong></span> <span class='ocrx_word' id='word_1_258' title='bbox 280 3593 372 3665; x_wconf 86' lang='lat' dir='ltr'><strong>atque</strong></span> <span class='ocrx_word' id='word_1_259' title='bbox 404 3589 649 3662; x_wconf 81' lang='lat' dir='ltr'><strong>distribuendis,</strong></span> <span class='ocrx_word' id='word_1_260' title='bbox 673 3592 709 3648; x_wconf 89' lang='lat' dir='ltr'><strong>ut</strong></span> <span class='ocrx_word' id='word_1_261' title='bbox 734 3589 799 3664; x_wconf 90' lang='lat' dir='ltr'><strong>ipse</strong></span> <span class='ocrx_word' id='word_1_262' title='bbox 829 3588 1021 3648; x_wconf 88' lang='lat' dir='ltr'><strong>occasionem</strong></span> 
     </span>
    </p>
   </div>
   <div class='ocr_carea' id='block_1_2' title="bbox 0 0 1296 4270">
    <p class='ocr_par' dir='ltr' id='par_1_2' title="bbox 0 0 1296 4270">
     <span class='ocr_line' id='line_1_37' title="bbox 0 0 1296 4270; baseline 0 5"><span class='ocrx_word' id='word_1_263' title='bbox 0 0 1296 4270; x_wconf 95' lang='lat' dir='ltr'><strong> </strong></span> 
     </span>
    </p>
   </div>
  </div>
 </body>
</html>
